%YAML 1.1
%TAG !u! tag:unity3d.com,2011:
--- !u!1 &334298004953549553
GameObject:
  m_ObjectHideFlags: 0
  m_CorrespondingSourceObject: {fileID: 0}
  m_PrefabInstance: {fileID: 0}
  m_PrefabAsset: {fileID: 0}
  serializedVersion: 6
  m_Component:
  - component: {fileID: 5584062820588067374}
  - component: {fileID: 5079645158698646438}
  - component: {fileID: 2630421800159652575}
  m_Layer: 5
  m_Name: Card_green
  m_TagString: Untagged
  m_Icon: {fileID: 0}
  m_NavMeshLayer: 0
  m_StaticEditorFlags: 0
  m_IsActive: 1
--- !u!224 &5584062820588067374
RectTransform:
  m_ObjectHideFlags: 0
  m_CorrespondingSourceObject: {fileID: 0}
  m_PrefabInstance: {fileID: 0}
  m_PrefabAsset: {fileID: 0}
  m_GameObject: {fileID: 334298004953549553}
  m_LocalRotation: {x: 0, y: 0, z: 0, w: 1}
  m_LocalPosition: {x: 0, y: 0, z: 0}
  m_LocalScale: {x: 1, y: 1, z: 1}
  m_ConstrainProportionsScale: 0
  m_Children:
  - {fileID: 3539413425505735577}
  - {fileID: 3660004670330933217}
  - {fileID: 3699957874830373381}
  m_Father: {fileID: 0}
  m_RootOrder: -1
  m_LocalEulerAnglesHint: {x: 0, y: 0, z: 0}
  m_AnchorMin: {x: 0.5, y: 0.5}
  m_AnchorMax: {x: 0.5, y: 0.5}
  m_AnchoredPosition: {x: 0, y: 0}
  m_SizeDelta: {x: 353, y: 480}
  m_Pivot: {x: 0.5, y: 0.5}
--- !u!222 &5079645158698646438
CanvasRenderer:
  m_ObjectHideFlags: 0
  m_CorrespondingSourceObject: {fileID: 0}
  m_PrefabInstance: {fileID: 0}
  m_PrefabAsset: {fileID: 0}
  m_GameObject: {fileID: 334298004953549553}
  m_CullTransparentMesh: 1
--- !u!114 &2630421800159652575
MonoBehaviour:
  m_ObjectHideFlags: 0
  m_CorrespondingSourceObject: {fileID: 0}
  m_PrefabInstance: {fileID: 0}
  m_PrefabAsset: {fileID: 0}
  m_GameObject: {fileID: 334298004953549553}
  m_Enabled: 1
  m_EditorHideFlags: 0
  m_Script: {fileID: 11500000, guid: fe87c0e1cc204ed48ad3b37840f39efc, type: 3}
  m_Name: 
  m_EditorClassIdentifier: 
  m_Material: {fileID: 0}
  m_Color: {r: 1, g: 1, b: 1, a: 1}
  m_RaycastTarget: 1
  m_RaycastPadding: {x: 0, y: 0, z: 0, w: 0}
  m_Maskable: 1
  m_OnCullStateChanged:
    m_PersistentCalls:
      m_Calls: []
  m_Sprite: {fileID: 21300000, guid: c9b1ff6e466d0e94b82227c87c1bf5ed, type: 3}
  m_Type: 0
  m_PreserveAspect: 0
  m_FillCenter: 1
  m_FillMethod: 4
  m_FillAmount: 1
  m_FillClockwise: 1
  m_FillOrigin: 0
  m_UseSpriteMesh: 0
  m_PixelsPerUnitMultiplier: 1
--- !u!1001 &960457621001312506
PrefabInstance:
  m_ObjectHideFlags: 0
  serializedVersion: 2
  m_Modification:
    serializedVersion: 3
    m_TransformParent: {fileID: 5584062820588067374}
    m_Modifications:
    - target: {fileID: 779705167964465189, guid: 5eace50d8bcb57a43914e7818cd5f381, type: 3}
      propertyPath: m_Text
      value: +8 ~ +20
      objectReference: {fileID: 0}
    - target: {fileID: 779705167964465189, guid: 5eace50d8bcb57a43914e7818cd5f381, type: 3}
      propertyPath: m_Color.b
      value: 0.9725491
      objectReference: {fileID: 0}
    - target: {fileID: 779705167964465189, guid: 5eace50d8bcb57a43914e7818cd5f381, type: 3}
      propertyPath: m_Color.g
      value: 0.9607844
      objectReference: {fileID: 0}
    - target: {fileID: 779705167964465189, guid: 5eace50d8bcb57a43914e7818cd5f381, type: 3}
      propertyPath: m_Color.r
      value: 0.9686275
      objectReference: {fileID: 0}
    - target: {fileID: 779705167964465189, guid: 5eace50d8bcb57a43914e7818cd5f381, type: 3}
      propertyPath: m_FontData.m_Font
      value: 
      objectReference: {fileID: 12800000, guid: a80f246c6463d524e9b36b3e6236eea5, type: 3}
    - target: {fileID: 779705167964465189, guid: 5eace50d8bcb57a43914e7818cd5f381, type: 3}
      propertyPath: m_FontData.m_MinSize
      value: 2
      objectReference: {fileID: 0}
    - target: {fileID: 779705167964465189, guid: 5eace50d8bcb57a43914e7818cd5f381, type: 3}
      propertyPath: m_FontData.m_FontSize
      value: 24
      objectReference: {fileID: 0}
    - target: {fileID: 779705167964465189, guid: 5eace50d8bcb57a43914e7818cd5f381, type: 3}
      propertyPath: m_FontData.m_Alignment
      value: 5
      objectReference: {fileID: 0}
    - target: {fileID: 2412191584542356256, guid: 5eace50d8bcb57a43914e7818cd5f381, type: 3}
      propertyPath: m_Name
      value: N_28
      objectReference: {fileID: 0}
    - target: {fileID: 4344494643142789987, guid: 5eace50d8bcb57a43914e7818cd5f381, type: 3}
      propertyPath: m_Pivot.x
      value: 0.5
      objectReference: {fileID: 0}
    - target: {fileID: 4344494643142789987, guid: 5eace50d8bcb57a43914e7818cd5f381, type: 3}
      propertyPath: m_Pivot.y
      value: 0.5
      objectReference: {fileID: 0}
    - target: {fileID: 4344494643142789987, guid: 5eace50d8bcb57a43914e7818cd5f381, type: 3}
      propertyPath: m_RootOrder
      value: -1
      objectReference: {fileID: 0}
    - target: {fileID: 4344494643142789987, guid: 5eace50d8bcb57a43914e7818cd5f381, type: 3}
      propertyPath: m_AnchorMax.x
      value: 0.5
      objectReference: {fileID: 0}
    - target: {fileID: 4344494643142789987, guid: 5eace50d8bcb57a43914e7818cd5f381, type: 3}
      propertyPath: m_AnchorMax.y
      value: 0.5
      objectReference: {fileID: 0}
    - target: {fileID: 4344494643142789987, guid: 5eace50d8bcb57a43914e7818cd5f381, type: 3}
      propertyPath: m_AnchorMin.x
      value: 0.5
      objectReference: {fileID: 0}
    - target: {fileID: 4344494643142789987, guid: 5eace50d8bcb57a43914e7818cd5f381, type: 3}
      propertyPath: m_AnchorMin.y
      value: 0.5
      objectReference: {fileID: 0}
    - target: {fileID: 4344494643142789987, guid: 5eace50d8bcb57a43914e7818cd5f381, type: 3}
      propertyPath: m_SizeDelta.x
      value: 120
      objectReference: {fileID: 0}
    - target: {fileID: 4344494643142789987, guid: 5eace50d8bcb57a43914e7818cd5f381, type: 3}
      propertyPath: m_SizeDelta.y
      value: 28
      objectReference: {fileID: 0}
    - target: {fileID: 4344494643142789987, guid: 5eace50d8bcb57a43914e7818cd5f381, type: 3}
      propertyPath: m_LocalPosition.x
      value: 0
      objectReference: {fileID: 0}
    - target: {fileID: 4344494643142789987, guid: 5eace50d8bcb57a43914e7818cd5f381, type: 3}
      propertyPath: m_LocalPosition.y
      value: 0
      objectReference: {fileID: 0}
    - target: {fileID: 4344494643142789987, guid: 5eace50d8bcb57a43914e7818cd5f381, type: 3}
      propertyPath: m_LocalPosition.z
      value: 0
      objectReference: {fileID: 0}
    - target: {fileID: 4344494643142789987, guid: 5eace50d8bcb57a43914e7818cd5f381, type: 3}
      propertyPath: m_LocalRotation.w
      value: 1
      objectReference: {fileID: 0}
    - target: {fileID: 4344494643142789987, guid: 5eace50d8bcb57a43914e7818cd5f381, type: 3}
      propertyPath: m_LocalRotation.x
      value: 0
      objectReference: {fileID: 0}
    - target: {fileID: 4344494643142789987, guid: 5eace50d8bcb57a43914e7818cd5f381, type: 3}
      propertyPath: m_LocalRotation.y
      value: 0
      objectReference: {fileID: 0}
    - target: {fileID: 4344494643142789987, guid: 5eace50d8bcb57a43914e7818cd5f381, type: 3}
      propertyPath: m_LocalRotation.z
      value: 0
      objectReference: {fileID: 0}
    - target: {fileID: 4344494643142789987, guid: 5eace50d8bcb57a43914e7818cd5f381, type: 3}
      propertyPath: m_AnchoredPosition.x
      value: 24
      objectReference: {fileID: 0}
    - target: {fileID: 4344494643142789987, guid: 5eace50d8bcb57a43914e7818cd5f381, type: 3}
      propertyPath: m_AnchoredPosition.y
      value: 86
      objectReference: {fileID: 0}
    - target: {fileID: 4344494643142789987, guid: 5eace50d8bcb57a43914e7818cd5f381, type: 3}
      propertyPath: m_LocalEulerAnglesHint.x
      value: 0
      objectReference: {fileID: 0}
    - target: {fileID: 4344494643142789987, guid: 5eace50d8bcb57a43914e7818cd5f381, type: 3}
      propertyPath: m_LocalEulerAnglesHint.y
      value: 0
      objectReference: {fileID: 0}
    - target: {fileID: 4344494643142789987, guid: 5eace50d8bcb57a43914e7818cd5f381, type: 3}
      propertyPath: m_LocalEulerAnglesHint.z
      value: 0
      objectReference: {fileID: 0}
    m_RemovedComponents: []
    m_RemovedGameObjects: []
    m_AddedGameObjects: []
    m_AddedComponents: []
  m_SourcePrefab: {fileID: 100100000, guid: 5eace50d8bcb57a43914e7818cd5f381, type: 3}
--- !u!224 &3539413425505735577 stripped
RectTransform:
  m_CorrespondingSourceObject: {fileID: 4344494643142789987, guid: 5eace50d8bcb57a43914e7818cd5f381, type: 3}
  m_PrefabInstance: {fileID: 960457621001312506}
  m_PrefabAsset: {fileID: 0}
--- !u!1001 &1044918707408962690
PrefabInstance:
  m_ObjectHideFlags: 0
  serializedVersion: 2
  m_Modification:
    serializedVersion: 3
    m_TransformParent: {fileID: 5584062820588067374}
    m_Modifications:
    - target: {fileID: 779705167964465189, guid: 5eace50d8bcb57a43914e7818cd5f381, type: 3}
      propertyPath: m_Text
      value: +10 ~ +20
      objectReference: {fileID: 0}
    - target: {fileID: 779705167964465189, guid: 5eace50d8bcb57a43914e7818cd5f381, type: 3}
      propertyPath: m_Color.b
      value: 0.9725491
      objectReference: {fileID: 0}
    - target: {fileID: 779705167964465189, guid: 5eace50d8bcb57a43914e7818cd5f381, type: 3}
      propertyPath: m_Color.g
      value: 0.9607844
      objectReference: {fileID: 0}
    - target: {fileID: 779705167964465189, guid: 5eace50d8bcb57a43914e7818cd5f381, type: 3}
      propertyPath: m_Color.r
      value: 0.9686275
      objectReference: {fileID: 0}
    - target: {fileID: 779705167964465189, guid: 5eace50d8bcb57a43914e7818cd5f381, type: 3}
      propertyPath: m_FontData.m_Font
      value: 
      objectReference: {fileID: 12800000, guid: a80f246c6463d524e9b36b3e6236eea5, type: 3}
    - target: {fileID: 779705167964465189, guid: 5eace50d8bcb57a43914e7818cd5f381, type: 3}
      propertyPath: m_FontData.m_MinSize
      value: 2
      objectReference: {fileID: 0}
    - target: {fileID: 779705167964465189, guid: 5eace50d8bcb57a43914e7818cd5f381, type: 3}
      propertyPath: m_FontData.m_FontSize
      value: 24
      objectReference: {fileID: 0}
    - target: {fileID: 779705167964465189, guid: 5eace50d8bcb57a43914e7818cd5f381, type: 3}
      propertyPath: m_FontData.m_Alignment
      value: 5
      objectReference: {fileID: 0}
    - target: {fileID: 2412191584542356256, guid: 5eace50d8bcb57a43914e7818cd5f381, type: 3}
      propertyPath: m_Name
      value: N_28 (1)
      objectReference: {fileID: 0}
    - target: {fileID: 4344494643142789987, guid: 5eace50d8bcb57a43914e7818cd5f381, type: 3}
      propertyPath: m_Pivot.x
      value: 0.5
      objectReference: {fileID: 0}
    - target: {fileID: 4344494643142789987, guid: 5eace50d8bcb57a43914e7818cd5f381, type: 3}
      propertyPath: m_Pivot.y
      value: 0.5
      objectReference: {fileID: 0}
    - target: {fileID: 4344494643142789987, guid: 5eace50d8bcb57a43914e7818cd5f381, type: 3}
      propertyPath: m_RootOrder
      value: -1
      objectReference: {fileID: 0}
    - target: {fileID: 4344494643142789987, guid: 5eace50d8bcb57a43914e7818cd5f381, type: 3}
      propertyPath: m_AnchorMax.x
      value: 0.5
      objectReference: {fileID: 0}
    - target: {fileID: 4344494643142789987, guid: 5eace50d8bcb57a43914e7818cd5f381, type: 3}
      propertyPath: m_AnchorMax.y
      value: 0.5
      objectReference: {fileID: 0}
    - target: {fileID: 4344494643142789987, guid: 5eace50d8bcb57a43914e7818cd5f381, type: 3}
      propertyPath: m_AnchorMin.x
      value: 0.5
      objectReference: {fileID: 0}
    - target: {fileID: 4344494643142789987, guid: 5eace50d8bcb57a43914e7818cd5f381, type: 3}
      propertyPath: m_AnchorMin.y
      value: 0.5
      objectReference: {fileID: 0}
    - target: {fileID: 4344494643142789987, guid: 5eace50d8bcb57a43914e7818cd5f381, type: 3}
      propertyPath: m_SizeDelta.x
      value: 120
      objectReference: {fileID: 0}
    - target: {fileID: 4344494643142789987, guid: 5eace50d8bcb57a43914e7818cd5f381, type: 3}
      propertyPath: m_SizeDelta.y
      value: 28
      objectReference: {fileID: 0}
    - target: {fileID: 4344494643142789987, guid: 5eace50d8bcb57a43914e7818cd5f381, type: 3}
      propertyPath: m_LocalPosition.x
      value: 0
      objectReference: {fileID: 0}
    - target: {fileID: 4344494643142789987, guid: 5eace50d8bcb57a43914e7818cd5f381, type: 3}
      propertyPath: m_LocalPosition.y
      value: 0
      objectReference: {fileID: 0}
    - target: {fileID: 4344494643142789987, guid: 5eace50d8bcb57a43914e7818cd5f381, type: 3}
      propertyPath: m_LocalPosition.z
      value: 0
      objectReference: {fileID: 0}
    - target: {fileID: 4344494643142789987, guid: 5eace50d8bcb57a43914e7818cd5f381, type: 3}
      propertyPath: m_LocalRotation.w
      value: 1
      objectReference: {fileID: 0}
    - target: {fileID: 4344494643142789987, guid: 5eace50d8bcb57a43914e7818cd5f381, type: 3}
      propertyPath: m_LocalRotation.x
      value: 0
      objectReference: {fileID: 0}
    - target: {fileID: 4344494643142789987, guid: 5eace50d8bcb57a43914e7818cd5f381, type: 3}
      propertyPath: m_LocalRotation.y
      value: 0
      objectReference: {fileID: 0}
    - target: {fileID: 4344494643142789987, guid: 5eace50d8bcb57a43914e7818cd5f381, type: 3}
      propertyPath: m_LocalRotation.z
      value: 0
      objectReference: {fileID: 0}
    - target: {fileID: 4344494643142789987, guid: 5eace50d8bcb57a43914e7818cd5f381, type: 3}
      propertyPath: m_AnchoredPosition.x
      value: 24
      objectReference: {fileID: 0}
    - target: {fileID: 4344494643142789987, guid: 5eace50d8bcb57a43914e7818cd5f381, type: 3}
      propertyPath: m_AnchoredPosition.y
      value: 12
      objectReference: {fileID: 0}
    - target: {fileID: 4344494643142789987, guid: 5eace50d8bcb57a43914e7818cd5f381, type: 3}
      propertyPath: m_LocalEulerAnglesHint.x
      value: 0
      objectReference: {fileID: 0}
    - target: {fileID: 4344494643142789987, guid: 5eace50d8bcb57a43914e7818cd5f381, type: 3}
      propertyPath: m_LocalEulerAnglesHint.y
      value: 0
      objectReference: {fileID: 0}
    - target: {fileID: 4344494643142789987, guid: 5eace50d8bcb57a43914e7818cd5f381, type: 3}
      propertyPath: m_LocalEulerAnglesHint.z
      value: 0
      objectReference: {fileID: 0}
    m_RemovedComponents: []
    m_RemovedGameObjects: []
    m_AddedGameObjects: []
    m_AddedComponents: []
  m_SourcePrefab: {fileID: 100100000, guid: 5eace50d8bcb57a43914e7818cd5f381, type: 3}
--- !u!224 &3660004670330933217 stripped
RectTransform:
  m_CorrespondingSourceObject: {fileID: 4344494643142789987, guid: 5eace50d8bcb57a43914e7818cd5f381, type: 3}
  m_PrefabInstance: {fileID: 1044918707408962690}
  m_PrefabAsset: {fileID: 0}
--- !u!1001 &1086030281098492262
PrefabInstance:
  m_ObjectHideFlags: 0
  serializedVersion: 2
  m_Modification:
    serializedVersion: 3
    m_TransformParent: {fileID: 5584062820588067374}
    m_Modifications:
    - target: {fileID: 779705167964465189, guid: 5eace50d8bcb57a43914e7818cd5f381, type: 3}
      propertyPath: m_Text
      value: '-10 '
      objectReference: {fileID: 0}
    - target: {fileID: 779705167964465189, guid: 5eace50d8bcb57a43914e7818cd5f381, type: 3}
      propertyPath: m_Color.b
      value: 0.9725491
      objectReference: {fileID: 0}
    - target: {fileID: 779705167964465189, guid: 5eace50d8bcb57a43914e7818cd5f381, type: 3}
      propertyPath: m_Color.g
      value: 0.9607844
      objectReference: {fileID: 0}
    - target: {fileID: 779705167964465189, guid: 5eace50d8bcb57a43914e7818cd5f381, type: 3}
      propertyPath: m_Color.r
      value: 0.9686275
      objectReference: {fileID: 0}
    - target: {fileID: 779705167964465189, guid: 5eace50d8bcb57a43914e7818cd5f381, type: 3}
      propertyPath: m_FontData.m_Font
      value: 
      objectReference: {fileID: 12800000, guid: a80f246c6463d524e9b36b3e6236eea5, type: 3}
    - target: {fileID: 779705167964465189, guid: 5eace50d8bcb57a43914e7818cd5f381, type: 3}
      propertyPath: m_FontData.m_MinSize
      value: 2
      objectReference: {fileID: 0}
    - target: {fileID: 779705167964465189, guid: 5eace50d8bcb57a43914e7818cd5f381, type: 3}
      propertyPath: m_FontData.m_FontSize
      value: 24
      objectReference: {fileID: 0}
    - target: {fileID: 779705167964465189, guid: 5eace50d8bcb57a43914e7818cd5f381, type: 3}
      propertyPath: m_FontData.m_Alignment
      value: 5
      objectReference: {fileID: 0}
    - target: {fileID: 2412191584542356256, guid: 5eace50d8bcb57a43914e7818cd5f381, type: 3}
      propertyPath: m_Name
      value: N_28 (2)
      objectReference: {fileID: 0}
    - target: {fileID: 4344494643142789987, guid: 5eace50d8bcb57a43914e7818cd5f381, type: 3}
      propertyPath: m_Pivot.x
      value: 0.5
      objectReference: {fileID: 0}
    - target: {fileID: 4344494643142789987, guid: 5eace50d8bcb57a43914e7818cd5f381, type: 3}
      propertyPath: m_Pivot.y
      value: 0.5
      objectReference: {fileID: 0}
    - target: {fileID: 4344494643142789987, guid: 5eace50d8bcb57a43914e7818cd5f381, type: 3}
      propertyPath: m_RootOrder
      value: -1
      objectReference: {fileID: 0}
    - target: {fileID: 4344494643142789987, guid: 5eace50d8bcb57a43914e7818cd5f381, type: 3}
      propertyPath: m_AnchorMax.x
      value: 0.5
      objectReference: {fileID: 0}
    - target: {fileID: 4344494643142789987, guid: 5eace50d8bcb57a43914e7818cd5f381, type: 3}
      propertyPath: m_AnchorMax.y
      value: 0.5
      objectReference: {fileID: 0}
    - target: {fileID: 4344494643142789987, guid: 5eace50d8bcb57a43914e7818cd5f381, type: 3}
      propertyPath: m_AnchorMin.x
      value: 0.5
      objectReference: {fileID: 0}
    - target: {fileID: 4344494643142789987, guid: 5eace50d8bcb57a43914e7818cd5f381, type: 3}
      propertyPath: m_AnchorMin.y
      value: 0.5
      objectReference: {fileID: 0}
    - target: {fileID: 4344494643142789987, guid: 5eace50d8bcb57a43914e7818cd5f381, type: 3}
      propertyPath: m_SizeDelta.x
      value: 120
      objectReference: {fileID: 0}
    - target: {fileID: 4344494643142789987, guid: 5eace50d8bcb57a43914e7818cd5f381, type: 3}
      propertyPath: m_SizeDelta.y
      value: 28
      objectReference: {fileID: 0}
    - target: {fileID: 4344494643142789987, guid: 5eace50d8bcb57a43914e7818cd5f381, type: 3}
      propertyPath: m_LocalPosition.x
      value: 0
      objectReference: {fileID: 0}
    - target: {fileID: 4344494643142789987, guid: 5eace50d8bcb57a43914e7818cd5f381, type: 3}
      propertyPath: m_LocalPosition.y
      value: 0
      objectReference: {fileID: 0}
    - target: {fileID: 4344494643142789987, guid: 5eace50d8bcb57a43914e7818cd5f381, type: 3}
      propertyPath: m_LocalPosition.z
      value: 0
      objectReference: {fileID: 0}
    - target: {fileID: 4344494643142789987, guid: 5eace50d8bcb57a43914e7818cd5f381, type: 3}
      propertyPath: m_LocalRotation.w
      value: 1
      objectReference: {fileID: 0}
    - target: {fileID: 4344494643142789987, guid: 5eace50d8bcb57a43914e7818cd5f381, type: 3}
      propertyPath: m_LocalRotation.x
      value: 0
      objectReference: {fileID: 0}
    - target: {fileID: 4344494643142789987, guid: 5eace50d8bcb57a43914e7818cd5f381, type: 3}
      propertyPath: m_LocalRotation.y
      value: 0
      objectReference: {fileID: 0}
    - target: {fileID: 4344494643142789987, guid: 5eace50d8bcb57a43914e7818cd5f381, type: 3}
      propertyPath: m_LocalRotation.z
      value: 0
      objectReference: {fileID: 0}
    - target: {fileID: 4344494643142789987, guid: 5eace50d8bcb57a43914e7818cd5f381, type: 3}
      propertyPath: m_AnchoredPosition.x
      value: 24
      objectReference: {fileID: 0}
    - target: {fileID: 4344494643142789987, guid: 5eace50d8bcb57a43914e7818cd5f381, type: 3}
      propertyPath: m_AnchoredPosition.y
      value: -62
      objectReference: {fileID: 0}
    - target: {fileID: 4344494643142789987, guid: 5eace50d8bcb57a43914e7818cd5f381, type: 3}
      propertyPath: m_LocalEulerAnglesHint.x
      value: 0
      objectReference: {fileID: 0}
    - target: {fileID: 4344494643142789987, guid: 5eace50d8bcb57a43914e7818cd5f381, type: 3}
      propertyPath: m_LocalEulerAnglesHint.y
      value: 0
      objectReference: {fileID: 0}
    - target: {fileID: 4344494643142789987, guid: 5eace50d8bcb57a43914e7818cd5f381, type: 3}
      propertyPath: m_LocalEulerAnglesHint.z
      value: 0
      objectReference: {fileID: 0}
    m_RemovedComponents: []
    m_RemovedGameObjects: []
    m_AddedGameObjects: []
    m_AddedComponents: []
  m_SourcePrefab: {fileID: 100100000, guid: 5eace50d8bcb57a43914e7818cd5f381, type: 3}
--- !u!224 &3699957874830373381 stripped
RectTransform:
  m_CorrespondingSourceObject: {fileID: 4344494643142789987, guid: 5eace50d8bcb57a43914e7818cd5f381, type: 3}
  m_PrefabInstance: {fileID: 1086030281098492262}
  m_PrefabAsset: {fileID: 0}
