%YAML 1.1
%TAG !u! tag:unity3d.com,2011:
--- !u!1 &302236025601901978
GameObject:
  m_ObjectHideFlags: 0
  m_CorrespondingSourceObject: {fileID: 0}
  m_PrefabInstance: {fileID: 0}
  m_PrefabAsset: {fileID: 0}
  serializedVersion: 6
  m_Component:
  - component: {fileID: 1046396657794472804}
  m_Layer: 0
  m_Name: RightHandThumb3
  m_TagString: Untagged
  m_Icon: {fileID: 0}
  m_NavMeshLayer: 0
  m_StaticEditorFlags: 0
  m_IsActive: 1
--- !u!4 &1046396657794472804
Transform:
  m_ObjectHideFlags: 0
  m_CorrespondingSourceObject: {fileID: 0}
  m_PrefabInstance: {fileID: 0}
  m_PrefabAsset: {fileID: 0}
  m_GameObject: {fileID: 302236025601901978}
  m_LocalRotation: {x: 0.09379278, y: 0.0069381357, z: -0.0014646195, w: 0.9955665}
  m_LocalPosition: {x: 0.00000002142042, y: 0.03663951, z: 0.000000022351742}
  m_LocalScale: {x: 1, y: 1, z: 0.99999994}
  m_Children: []
  m_Father: {fileID: 1513378648457133222}
  m_RootOrder: 0
  m_LocalEulerAnglesHint: {x: 0, y: 0, z: 0}
--- !u!1 &322665655273926067
GameObject:
  m_ObjectHideFlags: 0
  m_CorrespondingSourceObject: {fileID: 0}
  m_PrefabInstance: {fileID: 0}
  m_PrefabAsset: {fileID: 0}
  serializedVersion: 6
  m_Component:
  - component: {fileID: 8775068401143176535}
  m_Layer: 0
  m_Name: RightHandRing2
  m_TagString: Untagged
  m_Icon: {fileID: 0}
  m_NavMeshLayer: 0
  m_StaticEditorFlags: 0
  m_IsActive: 1
--- !u!4 &8775068401143176535
Transform:
  m_ObjectHideFlags: 0
  m_CorrespondingSourceObject: {fileID: 0}
  m_PrefabInstance: {fileID: 0}
  m_PrefabAsset: {fileID: 0}
  m_GameObject: {fileID: 322665655273926067}
  m_LocalRotation: {x: 0.0629627, y: -0.0004451038, z: -0.00029672004, w: 0.99801576}
  m_LocalPosition: {x: -0.000000005355105, y: 0.044968523, z: 0.000000054948032}
  m_LocalScale: {x: 1.0000001, y: 1, z: 1}
  m_Children:
  - {fileID: 5680137477096253716}
  m_Father: {fileID: 3191756580081507769}
  m_RootOrder: 0
  m_LocalEulerAnglesHint: {x: 0, y: 0, z: 0}
--- !u!1 &543804191266355616
GameObject:
  m_ObjectHideFlags: 0
  m_CorrespondingSourceObject: {fileID: 0}
  m_PrefabInstance: {fileID: 0}
  m_PrefabAsset: {fileID: 0}
  serializedVersion: 6
  m_Component:
  - component: {fileID: 6482151955812507975}
  m_Layer: 0
  m_Name: LeftToeBase
  m_TagString: Untagged
  m_Icon: {fileID: 0}
  m_NavMeshLayer: 0
  m_StaticEditorFlags: 0
  m_IsActive: 1
--- !u!4 &6482151955812507975
Transform:
  m_ObjectHideFlags: 0
  m_CorrespondingSourceObject: {fileID: 0}
  m_PrefabInstance: {fileID: 0}
  m_PrefabAsset: {fileID: 0}
  m_GameObject: {fileID: 543804191266355616}
  m_LocalRotation: {x: 0.27511978, y: -0.010103076, z: 0.0028914544, w: 0.9613525}
  m_LocalPosition: {x: 0.0000000100408215, y: 0.16099349, z: 0.0000000019790605}
  m_LocalScale: {x: 0.99999994, y: 0.99999994, z: 1.0000001}
  m_Children: []
  m_Father: {fileID: 7080798608757637934}
  m_RootOrder: 0
  m_LocalEulerAnglesHint: {x: 0, y: 0, z: 0}
--- !u!1 &609992470682944758
GameObject:
  m_ObjectHideFlags: 0
  m_CorrespondingSourceObject: {fileID: 0}
  m_PrefabInstance: {fileID: 0}
  m_PrefabAsset: {fileID: 0}
  serializedVersion: 6
  m_Component:
  - component: {fileID: 4492301225231888578}
  m_Layer: 0
  m_Name: RightHand
  m_TagString: Untagged
  m_Icon: {fileID: 0}
  m_NavMeshLayer: 0
  m_StaticEditorFlags: 0
  m_IsActive: 1
--- !u!4 &4492301225231888578
Transform:
  m_ObjectHideFlags: 0
  m_CorrespondingSourceObject: {fileID: 0}
  m_PrefabInstance: {fileID: 0}
  m_PrefabAsset: {fileID: 0}
  m_GameObject: {fileID: 609992470682944758}
  m_LocalRotation: {x: 0.021429798, y: 0.042946976, z: 0.02741932, w: 0.9984711}
  m_LocalPosition: {x: -0.000000006519258, y: 0.19881587, z: 0.0000000364671}
  m_LocalScale: {x: 1, y: 1, z: 1.0000001}
  m_Children:
  - {fileID: 6538825069397575522}
  - {fileID: 1518705822116807772}
  - {fileID: 4197651189055452193}
  - {fileID: 3191756580081507769}
  - {fileID: 3444587999946854280}
  m_Father: {fileID: 6999675680724880351}
  m_RootOrder: 0
  m_LocalEulerAnglesHint: {x: 0, y: 0, z: 0}
--- !u!1 &1039248340464543795
GameObject:
  m_ObjectHideFlags: 0
  m_CorrespondingSourceObject: {fileID: 0}
  m_PrefabInstance: {fileID: 0}
  m_PrefabAsset: {fileID: 0}
  serializedVersion: 6
  m_Component:
  - component: {fileID: 1876031688508605698}
  m_Layer: 0
  m_Name: RightUpLeg
  m_TagString: Untagged
  m_Icon: {fileID: 0}
  m_NavMeshLayer: 0
  m_StaticEditorFlags: 0
  m_IsActive: 1
--- !u!4 &1876031688508605698
Transform:
  m_ObjectHideFlags: 0
  m_CorrespondingSourceObject: {fileID: 0}
  m_PrefabInstance: {fileID: 0}
  m_PrefabAsset: {fileID: 0}
  m_GameObject: {fileID: 1039248340464543795}
  m_LocalRotation: {x: -0.000057990022, y: -0.0013824294, z: 0.9990808, w: -0.04284556}
  m_LocalPosition: {x: 0.06750077, y: -0.028058244, z: -0.002125777}
  m_LocalScale: {x: 1.0000134, y: 1, z: 1}
  m_Children:
  - {fileID: 2483636921226643959}
  m_Father: {fileID: 7148469316626742704}
  m_RootOrder: 1
  m_LocalEulerAnglesHint: {x: 0, y: 0, z: 0}
--- !u!1 &1097738261035368584
GameObject:
  m_ObjectHideFlags: 0
  m_CorrespondingSourceObject: {fileID: 0}
  m_PrefabInstance: {fileID: 0}
  m_PrefabAsset: {fileID: 0}
  serializedVersion: 6
  m_Component:
  - component: {fileID: 2302363014739009496}
  m_Layer: 0
  m_Name: LeftHandMiddle3
  m_TagString: Untagged
  m_Icon: {fileID: 0}
  m_NavMeshLayer: 0
  m_StaticEditorFlags: 0
  m_IsActive: 1
--- !u!4 &2302363014739009496
Transform:
  m_ObjectHideFlags: 0
  m_CorrespondingSourceObject: {fileID: 0}
  m_PrefabInstance: {fileID: 0}
  m_PrefabAsset: {fileID: 0}
  m_GameObject: {fileID: 1097738261035368584}
  m_LocalRotation: {x: -0.18475987, y: 0.0035575693, z: 0.0026601474, w: 0.98277366}
  m_LocalPosition: {x: 0.000000002910383, y: 0.046521395, z: -0.00000006423579}
  m_LocalScale: {x: 1, y: 0.99999994, z: 1}
  m_Children: []
  m_Father: {fileID: 2557875845494944777}
  m_RootOrder: 0
  m_LocalEulerAnglesHint: {x: 0, y: 0, z: 0}
--- !u!1 &1157813347616283280
GameObject:
  m_ObjectHideFlags: 0
  m_CorrespondingSourceObject: {fileID: 0}
  m_PrefabInstance: {fileID: 0}
  m_PrefabAsset: {fileID: 0}
  serializedVersion: 6
  m_Component:
  - component: {fileID: 3672140715286087145}
  m_Layer: 0
  m_Name: LeftHandMiddle1
  m_TagString: Untagged
  m_Icon: {fileID: 0}
  m_NavMeshLayer: 0
  m_StaticEditorFlags: 0
  m_IsActive: 1
--- !u!4 &3672140715286087145
Transform:
  m_ObjectHideFlags: 0
  m_CorrespondingSourceObject: {fileID: 0}
  m_PrefabInstance: {fileID: 0}
  m_PrefabAsset: {fileID: 0}
  m_GameObject: {fileID: 1157813347616283280}
  m_LocalRotation: {x: 0.019533012, y: 0.057376746, z: -0.008304645, w: 0.998127}
  m_LocalPosition: {x: 0.0067957966, y: 0.11370095, z: -0.0065745264}
  m_LocalScale: {x: 1, y: 1.0000001, z: 1.0000001}
  m_Children:
  - {fileID: 2557875845494944777}
  m_Father: {fileID: 5561997586796623494}
  m_RootOrder: 1
  m_LocalEulerAnglesHint: {x: 0, y: 0, z: 0}
--- !u!1 &1440250681450861241
GameObject:
  m_ObjectHideFlags: 0
  m_CorrespondingSourceObject: {fileID: 0}
  m_PrefabInstance: {fileID: 0}
  m_PrefabAsset: {fileID: 0}
  serializedVersion: 6
  m_Component:
  - component: {fileID: 9212834228456858468}
  - component: {fileID: 7570882420163906047}
  m_Layer: 0
  m_Name: sport_shirt1
  m_TagString: Untagged
  m_Icon: {fileID: 0}
  m_NavMeshLayer: 0
  m_StaticEditorFlags: 0
  m_IsActive: 1
--- !u!4 &9212834228456858468
Transform:
  m_ObjectHideFlags: 0
  m_CorrespondingSourceObject: {fileID: 0}
  m_PrefabInstance: {fileID: 0}
  m_PrefabAsset: {fileID: 0}
  m_GameObject: {fileID: 1440250681450861241}
  m_LocalRotation: {x: 0, y: 0, z: 0, w: 1}
  m_LocalPosition: {x: 0, y: 0, z: 0}
  m_LocalScale: {x: 1, y: 1, z: 1}
  m_Children: []
  m_Father: {fileID: 7051192876792677985}
  m_RootOrder: 4
  m_LocalEulerAnglesHint: {x: 0, y: 0, z: 0}
--- !u!137 &7570882420163906047
SkinnedMeshRenderer:
  m_ObjectHideFlags: 0
  m_CorrespondingSourceObject: {fileID: 0}
  m_PrefabInstance: {fileID: 0}
  m_PrefabAsset: {fileID: 0}
  m_GameObject: {fileID: 1440250681450861241}
  m_Enabled: 1
  m_CastShadows: 1
  m_ReceiveShadows: 1
  m_DynamicOccludee: 1
  m_MotionVectors: 1
  m_LightProbeUsage: 1
  m_ReflectionProbeUsage: 1
  m_RayTracingMode: 3
  m_RayTraceProcedural: 0
  m_RenderingLayerMask: 1
  m_RendererPriority: 0
  m_Materials:
  - {fileID: 2100000, guid: 0c0d6aac0ae3b49c0ac844214fa40e15, type: 2}
  - {fileID: 2100000, guid: 13f8e0f0d40facf4cbb9541ce20e9566, type: 2}
  m_StaticBatchInfo:
    firstSubMesh: 0
    subMeshCount: 0
  m_StaticBatchRoot: {fileID: 0}
  m_ProbeAnchor: {fileID: 0}
  m_LightProbeVolumeOverride: {fileID: 0}
  m_ScaleInLightmap: 1
  m_ReceiveGI: 1
  m_PreserveUVs: 0
  m_IgnoreNormalsForChartDetection: 0
  m_ImportantGI: 0
  m_StitchLightmapSeams: 1
  m_SelectedEditorRenderState: 3
  m_MinimumChartSize: 4
  m_AutoUVMaxDistance: 0.5
  m_AutoUVMaxAngle: 89
  m_LightmapParameters: {fileID: 0}
  m_SortingLayerID: 0
  m_SortingLayer: 0
  m_SortingOrder: 0
  serializedVersion: 2
  m_Quality: 0
  m_UpdateWhenOffscreen: 0
  m_SkinnedMotionVectors: 1
  m_Mesh: {fileID: -2003641126582368440, guid: cf33824849cccd6489ebc0de7decd683, type: 3}
  m_Bones:
  - {fileID: 7148469316626742704}
  - {fileID: 1337069402530874852}
  - {fileID: 7941313758143918123}
  - {fileID: 4820909545180977140}
  - {fileID: 4312259560654720103}
  - {fileID: 9177511322520323937}
  - {fileID: 7345562550210519252}
  - {fileID: 654052932662230416}
  - {fileID: 3137247397092111724}
  - {fileID: 5561997586796623494}
  - {fileID: 8062084745810916542}
  - {fileID: 4598665783210493556}
  - {fileID: 5823697082902411953}
  - {fileID: 2686048563529513034}
  - {fileID: 6364505733885290172}
  - {fileID: 1497833905689515625}
  - {fileID: 3672140715286087145}
  - {fileID: 2557875845494944777}
  - {fileID: 2302363014739009496}
  - {fileID: 5675499676360442362}
  - {fileID: 9125961059472106857}
  - {fileID: 3642429198950922338}
  - {fileID: 5996469849769668883}
  - {fileID: 5432849139428034713}
  - {fileID: 8336330349473611969}
  - {fileID: 1696197085747521719}
  - {fileID: 3618878958756937427}
  - {fileID: 6999675680724880351}
  - {fileID: 4492301225231888578}
  - {fileID: 3444587999946854280}
  - {fileID: 1513378648457133222}
  - {fileID: 1046396657794472804}
  - {fileID: 6538825069397575522}
  - {fileID: 4596350421078283469}
  - {fileID: 693989368026194993}
  - {fileID: 1518705822116807772}
  - {fileID: 562592541274142820}
  - {fileID: 2883259130991507779}
  - {fileID: 3191756580081507769}
  - {fileID: 8775068401143176535}
  - {fileID: 5680137477096253716}
  - {fileID: 4197651189055452193}
  - {fileID: 3846280485195005855}
  - {fileID: 430806315168003242}
  - {fileID: 1375472497467260473}
  - {fileID: 491360961213625355}
  - {fileID: 7080798608757637934}
  - {fileID: 6482151955812507975}
  - {fileID: 1876031688508605698}
  - {fileID: 2483636921226643959}
  - {fileID: 1579497128905558750}
  - {fileID: 7952075485818154733}
  m_BlendShapeWeights: []
  m_RootBone: {fileID: 7148469316626742704}
  m_AABB:
    m_Center: {x: -0.000045239925, y: 0.10230919, z: 0.0049329624}
    m_Extent: {x: 0.23374775, y: 0.19857627, z: 0.11350973}
  m_DirtyAABB: 0
--- !u!1 &1609132188915047876
GameObject:
  m_ObjectHideFlags: 0
  m_CorrespondingSourceObject: {fileID: 0}
  m_PrefabInstance: {fileID: 0}
  m_PrefabAsset: {fileID: 0}
  serializedVersion: 6
  m_Component:
  - component: {fileID: 2346247510989406121}
  - component: {fileID: 556173695911329715}
  m_Layer: 0
  m_Name: sport_soccer_socks
  m_TagString: Untagged
  m_Icon: {fileID: 0}
  m_NavMeshLayer: 0
  m_StaticEditorFlags: 0
  m_IsActive: 1
--- !u!4 &2346247510989406121
Transform:
  m_ObjectHideFlags: 0
  m_CorrespondingSourceObject: {fileID: 0}
  m_PrefabInstance: {fileID: 0}
  m_PrefabAsset: {fileID: 0}
  m_GameObject: {fileID: 1609132188915047876}
  m_LocalRotation: {x: 0, y: 0, z: 0, w: 1}
  m_LocalPosition: {x: 0, y: 0, z: 0}
  m_LocalScale: {x: 1, y: 1, z: 1}
  m_Children: []
  m_Father: {fileID: 7051192876792677985}
  m_RootOrder: 7
  m_LocalEulerAnglesHint: {x: 0, y: 0, z: 0}
--- !u!137 &556173695911329715
SkinnedMeshRenderer:
  m_ObjectHideFlags: 0
  m_CorrespondingSourceObject: {fileID: 0}
  m_PrefabInstance: {fileID: 0}
  m_PrefabAsset: {fileID: 0}
  m_GameObject: {fileID: 1609132188915047876}
  m_Enabled: 1
  m_CastShadows: 1
  m_ReceiveShadows: 1
  m_DynamicOccludee: 1
  m_MotionVectors: 1
  m_LightProbeUsage: 1
  m_ReflectionProbeUsage: 1
  m_RayTracingMode: 3
  m_RayTraceProcedural: 0
  m_RenderingLayerMask: 1
  m_RendererPriority: 0
  m_Materials:
  - {fileID: 2100000, guid: 0c0d6aac0ae3b49c0ac844214fa40e15, type: 2}
  - {fileID: 2100000, guid: 13f8e0f0d40facf4cbb9541ce20e9566, type: 2}
  m_StaticBatchInfo:
    firstSubMesh: 0
    subMeshCount: 0
  m_StaticBatchRoot: {fileID: 0}
  m_ProbeAnchor: {fileID: 0}
  m_LightProbeVolumeOverride: {fileID: 0}
  m_ScaleInLightmap: 1
  m_ReceiveGI: 1
  m_PreserveUVs: 0
  m_IgnoreNormalsForChartDetection: 0
  m_ImportantGI: 0
  m_StitchLightmapSeams: 1
  m_SelectedEditorRenderState: 3
  m_MinimumChartSize: 4
  m_AutoUVMaxDistance: 0.5
  m_AutoUVMaxAngle: 89
  m_LightmapParameters: {fileID: 0}
  m_SortingLayerID: 0
  m_SortingLayer: 0
  m_SortingOrder: 0
  serializedVersion: 2
  m_Quality: 0
  m_UpdateWhenOffscreen: 0
  m_SkinnedMotionVectors: 1
  m_Mesh: {fileID: -8880261383480618341, guid: cf33824849cccd6489ebc0de7decd683, type: 3}
  m_Bones:
  - {fileID: 7148469316626742704}
  - {fileID: 1337069402530874852}
  - {fileID: 7941313758143918123}
  - {fileID: 4820909545180977140}
  - {fileID: 4312259560654720103}
  - {fileID: 9177511322520323937}
  - {fileID: 7345562550210519252}
  - {fileID: 654052932662230416}
  - {fileID: 3137247397092111724}
  - {fileID: 5561997586796623494}
  - {fileID: 8062084745810916542}
  - {fileID: 4598665783210493556}
  - {fileID: 5823697082902411953}
  - {fileID: 2686048563529513034}
  - {fileID: 6364505733885290172}
  - {fileID: 1497833905689515625}
  - {fileID: 3672140715286087145}
  - {fileID: 2557875845494944777}
  - {fileID: 2302363014739009496}
  - {fileID: 5675499676360442362}
  - {fileID: 9125961059472106857}
  - {fileID: 3642429198950922338}
  - {fileID: 5996469849769668883}
  - {fileID: 5432849139428034713}
  - {fileID: 8336330349473611969}
  - {fileID: 1696197085747521719}
  - {fileID: 3618878958756937427}
  - {fileID: 6999675680724880351}
  - {fileID: 4492301225231888578}
  - {fileID: 3444587999946854280}
  - {fileID: 1513378648457133222}
  - {fileID: 1046396657794472804}
  - {fileID: 6538825069397575522}
  - {fileID: 4596350421078283469}
  - {fileID: 693989368026194993}
  - {fileID: 1518705822116807772}
  - {fileID: 562592541274142820}
  - {fileID: 2883259130991507779}
  - {fileID: 3191756580081507769}
  - {fileID: 8775068401143176535}
  - {fileID: 5680137477096253716}
  - {fileID: 4197651189055452193}
  - {fileID: 3846280485195005855}
  - {fileID: 430806315168003242}
  - {fileID: 1375472497467260473}
  - {fileID: 491360961213625355}
  - {fileID: 7080798608757637934}
  - {fileID: 6482151955812507975}
  - {fileID: 1876031688508605698}
  - {fileID: 2483636921226643959}
  - {fileID: 1579497128905558750}
  - {fileID: 7952075485818154733}
  m_BlendShapeWeights: []
  m_RootBone: {fileID: 7148469316626742704}
  m_AABB:
    m_Center: {x: -0.000018835068, y: -0.55525714, z: 0.025134355}
    m_Extent: {x: 0.17064205, y: 0.20725553, z: 0.22182018}
  m_DirtyAABB: 0
--- !u!1 &1829827382950326954
GameObject:
  m_ObjectHideFlags: 0
  m_CorrespondingSourceObject: {fileID: 0}
  m_PrefabInstance: {fileID: 0}
  m_PrefabAsset: {fileID: 0}
  serializedVersion: 6
  m_Component:
  - component: {fileID: 5680137477096253716}
  m_Layer: 0
  m_Name: RightHandRing3
  m_TagString: Untagged
  m_Icon: {fileID: 0}
  m_NavMeshLayer: 0
  m_StaticEditorFlags: 0
  m_IsActive: 1
--- !u!4 &5680137477096253716
Transform:
  m_ObjectHideFlags: 0
  m_CorrespondingSourceObject: {fileID: 0}
  m_PrefabInstance: {fileID: 0}
  m_PrefabAsset: {fileID: 0}
  m_GameObject: {fileID: 1829827382950326954}
  m_LocalRotation: {x: 0.034335148, y: -0.00028635928, z: -0.00018980575, w: 0.99941033}
  m_LocalPosition: {x: 0.0000000013969839, y: 0.04246129, z: -0.000000030733645}
  m_LocalScale: {x: 0.99999994, y: 1, z: 0.9999999}
  m_Children: []
  m_Father: {fileID: 8775068401143176535}
  m_RootOrder: 0
  m_LocalEulerAnglesHint: {x: 0, y: 0, z: 0}
--- !u!1 &1909907072212822083
GameObject:
  m_ObjectHideFlags: 0
  m_CorrespondingSourceObject: {fileID: 0}
  m_PrefabInstance: {fileID: 0}
  m_PrefabAsset: {fileID: 0}
  serializedVersion: 6
  m_Component:
  - component: {fileID: 4312259560654720103}
  m_Layer: 0
  m_Name: Neck
  m_TagString: Untagged
  m_Icon: {fileID: 0}
  m_NavMeshLayer: 0
  m_StaticEditorFlags: 0
  m_IsActive: 1
--- !u!4 &4312259560654720103
Transform:
  m_ObjectHideFlags: 0
  m_CorrespondingSourceObject: {fileID: 0}
  m_PrefabInstance: {fileID: 0}
  m_PrefabAsset: {fileID: 0}
  m_GameObject: {fileID: 1909907072212822083}
  m_LocalRotation: {x: 0.048469707, y: 0, z: -0, w: 0.99882466}
  m_LocalPosition: {x: -0, y: 0.07583042, z: -0.00014125928}
  m_LocalScale: {x: 1, y: 1.0000001, z: 1.0000001}
  m_Children:
  - {fileID: 9177511322520323937}
  m_Father: {fileID: 4820909545180977140}
  m_RootOrder: 1
  m_LocalEulerAnglesHint: {x: 0, y: 0, z: 0}
--- !u!1 &1961633363878261930
GameObject:
  m_ObjectHideFlags: 0
  m_CorrespondingSourceObject: {fileID: 0}
  m_PrefabInstance: {fileID: 0}
  m_PrefabAsset: {fileID: 0}
  serializedVersion: 6
  m_Component:
  - component: {fileID: 8062084745810916542}
  m_Layer: 0
  m_Name: LeftHandThumb1
  m_TagString: Untagged
  m_Icon: {fileID: 0}
  m_NavMeshLayer: 0
  m_StaticEditorFlags: 0
  m_IsActive: 1
--- !u!4 &8062084745810916542
Transform:
  m_ObjectHideFlags: 0
  m_CorrespondingSourceObject: {fileID: 0}
  m_PrefabInstance: {fileID: 0}
  m_PrefabAsset: {fileID: 0}
  m_GameObject: {fileID: 1961633363878261930}
  m_LocalRotation: {x: -0.10611038, y: -0.44184482, z: -0.46060333, w: 0.7624686}
  m_LocalPosition: {x: 0.040777266, y: 0.038713355, z: 0.008421216}
  m_LocalScale: {x: 1.0000001, y: 1.0000001, z: 1}
  m_Children:
  - {fileID: 4598665783210493556}
  m_Father: {fileID: 5561997586796623494}
  m_RootOrder: 4
  m_LocalEulerAnglesHint: {x: 0, y: 0, z: 0}
--- !u!1 &2029812831687268446
GameObject:
  m_ObjectHideFlags: 0
  m_CorrespondingSourceObject: {fileID: 0}
  m_PrefabInstance: {fileID: 0}
  m_PrefabAsset: {fileID: 0}
  serializedVersion: 6
  m_Component:
  - component: {fileID: 9177511322520323937}
  m_Layer: 0
  m_Name: Head
  m_TagString: Untagged
  m_Icon: {fileID: 0}
  m_NavMeshLayer: 0
  m_StaticEditorFlags: 0
  m_IsActive: 1
--- !u!4 &9177511322520323937
Transform:
  m_ObjectHideFlags: 0
  m_CorrespondingSourceObject: {fileID: 0}
  m_PrefabInstance: {fileID: 0}
  m_PrefabAsset: {fileID: 0}
  m_GameObject: {fileID: 2029812831687268446}
  m_LocalRotation: {x: 0.000000007450581, y: 0, z: -0, w: 1}
  m_LocalPosition: {x: -0, y: 0.1609803, z: -0.000000005122274}
  m_LocalScale: {x: 1, y: 1, z: 1}
  m_Children: []
  m_Father: {fileID: 4312259560654720103}
  m_RootOrder: 0
  m_LocalEulerAnglesHint: {x: 0, y: 0, z: 0}
--- !u!1 &2035910204350913336
GameObject:
  m_ObjectHideFlags: 0
  m_CorrespondingSourceObject: {fileID: 0}
  m_PrefabInstance: {fileID: 0}
  m_PrefabAsset: {fileID: 0}
  serializedVersion: 6
  m_Component:
  - component: {fileID: 562592541274142820}
  m_Layer: 0
  m_Name: RightHandMiddle2
  m_TagString: Untagged
  m_Icon: {fileID: 0}
  m_NavMeshLayer: 0
  m_StaticEditorFlags: 0
  m_IsActive: 1
--- !u!4 &562592541274142820
Transform:
  m_ObjectHideFlags: 0
  m_CorrespondingSourceObject: {fileID: 0}
  m_PrefabInstance: {fileID: 0}
  m_PrefabAsset: {fileID: 0}
  m_GameObject: {fileID: 2035910204350913336}
  m_LocalRotation: {x: 0.038531225, y: 0.0004275578, z: 0.00029191695, w: 0.9992573}
  m_LocalPosition: {x: -0, y: 0.04911528, z: 0.000000015057594}
  m_LocalScale: {x: 0.99999994, y: 0.99999994, z: 0.99999994}
  m_Children:
  - {fileID: 2883259130991507779}
  m_Father: {fileID: 1518705822116807772}
  m_RootOrder: 0
  m_LocalEulerAnglesHint: {x: 0, y: 0, z: 0}
--- !u!1 &2078723850446277302
GameObject:
  m_ObjectHideFlags: 0
  m_CorrespondingSourceObject: {fileID: 0}
  m_PrefabInstance: {fileID: 0}
  m_PrefabAsset: {fileID: 0}
  serializedVersion: 6
  m_Component:
  - component: {fileID: 3137247397092111724}
  m_Layer: 0
  m_Name: LeftForeArm
  m_TagString: Untagged
  m_Icon: {fileID: 0}
  m_NavMeshLayer: 0
  m_StaticEditorFlags: 0
  m_IsActive: 1
--- !u!4 &3137247397092111724
Transform:
  m_ObjectHideFlags: 0
  m_CorrespondingSourceObject: {fileID: 0}
  m_PrefabInstance: {fileID: 0}
  m_PrefabAsset: {fileID: 0}
  m_GameObject: {fileID: 2078723850446277302}
  m_LocalRotation: {x: -0.007749258, y: 0.00031659342, z: -0.040810183, w: 0.9991368}
  m_LocalPosition: {x: 0.0000000037252903, y: 0.19351844, z: 0.000000093190465}
  m_LocalScale: {x: 1, y: 1, z: 1}
  m_Children:
  - {fileID: 5561997586796623494}
  m_Father: {fileID: 654052932662230416}
  m_RootOrder: 0
  m_LocalEulerAnglesHint: {x: 0, y: 0, z: 0}
--- !u!1 &2282884809942902587
GameObject:
  m_ObjectHideFlags: 0
  m_CorrespondingSourceObject: {fileID: 0}
  m_PrefabInstance: {fileID: 0}
  m_PrefabAsset: {fileID: 0}
  serializedVersion: 6
  m_Component:
  - component: {fileID: 1513378648457133222}
  m_Layer: 0
  m_Name: RightHandThumb2
  m_TagString: Untagged
  m_Icon: {fileID: 0}
  m_NavMeshLayer: 0
  m_StaticEditorFlags: 0
  m_IsActive: 1
--- !u!4 &1513378648457133222
Transform:
  m_ObjectHideFlags: 0
  m_CorrespondingSourceObject: {fileID: 0}
  m_PrefabInstance: {fileID: 0}
  m_PrefabAsset: {fileID: 0}
  m_GameObject: {fileID: 2282884809942902587}
  m_LocalRotation: {x: 0.19662851, y: -0.069352224, z: -0.00077441783, w: 0.9780219}
  m_LocalPosition: {x: 0.00000002188608, y: 0.04762267, z: -0.000000011175871}
  m_LocalScale: {x: 1, y: 1, z: 1.0000001}
  m_Children:
  - {fileID: 1046396657794472804}
  m_Father: {fileID: 3444587999946854280}
  m_RootOrder: 0
  m_LocalEulerAnglesHint: {x: 0, y: 0, z: 0}
--- !u!1 &2296843290340939541
GameObject:
  m_ObjectHideFlags: 0
  m_CorrespondingSourceObject: {fileID: 0}
  m_PrefabInstance: {fileID: 0}
  m_PrefabAsset: {fileID: 0}
  serializedVersion: 6
  m_Component:
  - component: {fileID: 654052932662230416}
  m_Layer: 0
  m_Name: LeftArm
  m_TagString: Untagged
  m_Icon: {fileID: 0}
  m_NavMeshLayer: 0
  m_StaticEditorFlags: 0
  m_IsActive: 1
--- !u!4 &654052932662230416
Transform:
  m_ObjectHideFlags: 0
  m_CorrespondingSourceObject: {fileID: 0}
  m_PrefabInstance: {fileID: 0}
  m_PrefabAsset: {fileID: 0}
  m_GameObject: {fileID: 2296843290340939541}
  m_LocalRotation: {x: -0.043553766, y: -0.0008801818, z: 0.020183947, w: 0.9988468}
  m_LocalPosition: {x: 1.7462298e-10, y: 0.084587336, z: -0.000000020780135}
  m_LocalScale: {x: 0.99999994, y: 1, z: 1.0000001}
  m_Children:
  - {fileID: 3137247397092111724}
  m_Father: {fileID: 7345562550210519252}
  m_RootOrder: 0
  m_LocalEulerAnglesHint: {x: 0, y: 0, z: 0}
--- !u!1 &2320748847285711211
GameObject:
  m_ObjectHideFlags: 0
  m_CorrespondingSourceObject: {fileID: 0}
  m_PrefabInstance: {fileID: 0}
  m_PrefabAsset: {fileID: 0}
  serializedVersion: 6
  m_Component:
  - component: {fileID: 8336330349473611969}
  m_Layer: 0
  m_Name: LeftHandPinky3
  m_TagString: Untagged
  m_Icon: {fileID: 0}
  m_NavMeshLayer: 0
  m_StaticEditorFlags: 0
  m_IsActive: 1
--- !u!4 &8336330349473611969
Transform:
  m_ObjectHideFlags: 0
  m_CorrespondingSourceObject: {fileID: 0}
  m_PrefabInstance: {fileID: 0}
  m_PrefabAsset: {fileID: 0}
  m_GameObject: {fileID: 2320748847285711211}
  m_LocalRotation: {x: -0.07905666, y: -0.003130163, z: -0.0022028266, w: 0.99686277}
  m_LocalPosition: {x: 0.000000007916242, y: 0.03762198, z: 0.000000022118911}
  m_LocalScale: {x: 1, y: 1.0000001, z: 0.99999994}
  m_Children: []
  m_Father: {fileID: 5432849139428034713}
  m_RootOrder: 0
  m_LocalEulerAnglesHint: {x: 0, y: 0, z: 0}
--- !u!1 &2377832588353054905
GameObject:
  m_ObjectHideFlags: 0
  m_CorrespondingSourceObject: {fileID: 0}
  m_PrefabInstance: {fileID: 0}
  m_PrefabAsset: {fileID: 0}
  serializedVersion: 6
  m_Component:
  - component: {fileID: 7941313758143918123}
  m_Layer: 0
  m_Name: Spine1
  m_TagString: Untagged
  m_Icon: {fileID: 0}
  m_NavMeshLayer: 0
  m_StaticEditorFlags: 0
  m_IsActive: 1
--- !u!4 &7941313758143918123
Transform:
  m_ObjectHideFlags: 0
  m_CorrespondingSourceObject: {fileID: 0}
  m_PrefabInstance: {fileID: 0}
  m_PrefabAsset: {fileID: 0}
  m_GameObject: {fileID: 2377832588353054905}
  m_LocalRotation: {x: 0.000000024680048, y: 0, z: -0, w: 1}
  m_LocalPosition: {x: -0, y: 0.05897926, z: 0.0000000018626451}
  m_LocalScale: {x: 1, y: 1, z: 1}
  m_Children:
  - {fileID: 4820909545180977140}
  m_Father: {fileID: 1337069402530874852}
  m_RootOrder: 0
  m_LocalEulerAnglesHint: {x: 0, y: 0, z: 0}
--- !u!1 &2391504244741519994
GameObject:
  m_ObjectHideFlags: 0
  m_CorrespondingSourceObject: {fileID: 0}
  m_PrefabInstance: {fileID: 0}
  m_PrefabAsset: {fileID: 0}
  serializedVersion: 6
  m_Component:
  - component: {fileID: 7080798608757637934}
  m_Layer: 0
  m_Name: LeftFoot
  m_TagString: Untagged
  m_Icon: {fileID: 0}
  m_NavMeshLayer: 0
  m_StaticEditorFlags: 0
  m_IsActive: 1
--- !u!4 &7080798608757637934
Transform:
  m_ObjectHideFlags: 0
  m_CorrespondingSourceObject: {fileID: 0}
  m_PrefabInstance: {fileID: 0}
  m_PrefabAsset: {fileID: 0}
  m_GameObject: {fileID: 2391504244741519994}
  m_LocalRotation: {x: 0.5133029, y: 0.008789863, z: -0.0052558086, w: 0.8581464}
  m_LocalPosition: {x: -0.000000006441894, y: 0.26877365, z: -0.0000000029467628}
  m_LocalScale: {x: 1, y: 1, z: 1}
  m_Children:
  - {fileID: 6482151955812507975}
  m_Father: {fileID: 491360961213625355}
  m_RootOrder: 0
  m_LocalEulerAnglesHint: {x: 0, y: 0, z: 0}
--- !u!1 &2665006074992642465
GameObject:
  m_ObjectHideFlags: 0
  m_CorrespondingSourceObject: {fileID: 0}
  m_PrefabInstance: {fileID: 0}
  m_PrefabAsset: {fileID: 0}
  serializedVersion: 6
  m_Component:
  - component: {fileID: 5675499676360442362}
  m_Layer: 0
  m_Name: LeftHandRing1
  m_TagString: Untagged
  m_Icon: {fileID: 0}
  m_NavMeshLayer: 0
  m_StaticEditorFlags: 0
  m_IsActive: 1
--- !u!4 &5675499676360442362
Transform:
  m_ObjectHideFlags: 0
  m_CorrespondingSourceObject: {fileID: 0}
  m_PrefabInstance: {fileID: 0}
  m_PrefabAsset: {fileID: 0}
  m_GameObject: {fileID: 2665006074992642465}
  m_LocalRotation: {x: 0.014810591, y: 0.059124995, z: 0.053687524, w: 0.9966958}
  m_LocalPosition: {x: -0.03195342, y: 0.11477328, z: -0.0009853016}
  m_LocalScale: {x: 1, y: 1.0000001, z: 0.99999994}
  m_Children:
  - {fileID: 9125961059472106857}
  m_Father: {fileID: 5561997586796623494}
  m_RootOrder: 3
  m_LocalEulerAnglesHint: {x: 0, y: 0, z: 0}
--- !u!1 &3007484746319270858
GameObject:
  m_ObjectHideFlags: 0
  m_CorrespondingSourceObject: {fileID: 0}
  m_PrefabInstance: {fileID: 0}
  m_PrefabAsset: {fileID: 0}
  serializedVersion: 6
  m_Component:
  - component: {fileID: 2483636921226643959}
  m_Layer: 0
  m_Name: RightLeg
  m_TagString: Untagged
  m_Icon: {fileID: 0}
  m_NavMeshLayer: 0
  m_StaticEditorFlags: 0
  m_IsActive: 1
--- !u!4 &2483636921226643959
Transform:
  m_ObjectHideFlags: 0
  m_CorrespondingSourceObject: {fileID: 0}
  m_PrefabInstance: {fileID: 0}
  m_PrefabAsset: {fileID: 0}
  m_GameObject: {fileID: 3007484746319270858}
  m_LocalRotation: {x: -0.039232265, y: 0.0015268383, z: -0.038831625, w: 0.9984742}
  m_LocalPosition: {x: -0.00000000234877, y: 0.25274435, z: -0.0000000017379733}
  m_LocalScale: {x: 0.99999994, y: 1, z: 1}
  m_Children:
  - {fileID: 1579497128905558750}
  m_Father: {fileID: 1876031688508605698}
  m_RootOrder: 0
  m_LocalEulerAnglesHint: {x: 0, y: 0, z: 0}
--- !u!1 &3068904494421576113
GameObject:
  m_ObjectHideFlags: 0
  m_CorrespondingSourceObject: {fileID: 0}
  m_PrefabInstance: {fileID: 0}
  m_PrefabAsset: {fileID: 0}
  serializedVersion: 6
  m_Component:
  - component: {fileID: 491360961213625355}
  m_Layer: 0
  m_Name: LeftLeg
  m_TagString: Untagged
  m_Icon: {fileID: 0}
  m_NavMeshLayer: 0
  m_StaticEditorFlags: 0
  m_IsActive: 1
--- !u!4 &491360961213625355
Transform:
  m_ObjectHideFlags: 0
  m_CorrespondingSourceObject: {fileID: 0}
  m_PrefabInstance: {fileID: 0}
  m_PrefabAsset: {fileID: 0}
  m_GameObject: {fileID: 3068904494421576113}
  m_LocalRotation: {x: -0.041489158, y: -0.0016125186, z: 0.038826846, w: 0.998383}
  m_LocalPosition: {x: -0.0000000024238034, y: 0.252744, z: 0.0000000027511078}
  m_LocalScale: {x: 1, y: 1.0000001, z: 1.0000001}
  m_Children:
  - {fileID: 7080798608757637934}
  m_Father: {fileID: 1375472497467260473}
  m_RootOrder: 0
  m_LocalEulerAnglesHint: {x: 0, y: 0, z: 0}
--- !u!1 &3081392385738438721
GameObject:
  m_ObjectHideFlags: 0
  m_CorrespondingSourceObject: {fileID: 0}
  m_PrefabInstance: {fileID: 0}
  m_PrefabAsset: {fileID: 0}
  serializedVersion: 6
  m_Component:
  - component: {fileID: 3846280485195005855}
  m_Layer: 0
  m_Name: RightHandPinky2
  m_TagString: Untagged
  m_Icon: {fileID: 0}
  m_NavMeshLayer: 0
  m_StaticEditorFlags: 0
  m_IsActive: 1
--- !u!4 &3846280485195005855
Transform:
  m_ObjectHideFlags: 0
  m_CorrespondingSourceObject: {fileID: 0}
  m_PrefabInstance: {fileID: 0}
  m_PrefabAsset: {fileID: 0}
  m_GameObject: {fileID: 3081392385738438721}
  m_LocalRotation: {x: 0.041173108, y: -0.0013442179, z: -0.0008938929, w: 0.99915075}
  m_LocalPosition: {x: 0.000000003259629, y: 0.048389908, z: 0.000000056112185}
  m_LocalScale: {x: 0.9999999, y: 1, z: 0.99999994}
  m_Children:
  - {fileID: 430806315168003242}
  m_Father: {fileID: 4197651189055452193}
  m_RootOrder: 0
  m_LocalEulerAnglesHint: {x: 0, y: 0, z: 0}
--- !u!1 &3376125946438289898
GameObject:
  m_ObjectHideFlags: 0
  m_CorrespondingSourceObject: {fileID: 0}
  m_PrefabInstance: {fileID: 0}
  m_PrefabAsset: {fileID: 0}
  serializedVersion: 6
  m_Component:
  - component: {fileID: 7148469316626742704}
  m_Layer: 0
  m_Name: Hips
  m_TagString: Untagged
  m_Icon: {fileID: 0}
  m_NavMeshLayer: 0
  m_StaticEditorFlags: 0
  m_IsActive: 1
--- !u!4 &7148469316626742704
Transform:
  m_ObjectHideFlags: 0
  m_CorrespondingSourceObject: {fileID: 0}
  m_PrefabInstance: {fileID: 0}
  m_PrefabAsset: {fileID: 0}
  m_GameObject: {fileID: 3376125946438289898}
  m_LocalRotation: {x: -0.0000017695146, y: 0, z: -0, w: 1}
  m_LocalPosition: {x: -0, y: 0.642845, z: -0.027834512}
  m_LocalScale: {x: 1, y: 1, z: 1}
  m_Children:
  - {fileID: 1375472497467260473}
  - {fileID: 1876031688508605698}
  - {fileID: 1337069402530874852}
  m_Father: {fileID: 3592388927478149873}
  m_RootOrder: 0
  m_LocalEulerAnglesHint: {x: 0, y: 0, z: 0}
--- !u!1 &3869016421856329972
GameObject:
  m_ObjectHideFlags: 0
  m_CorrespondingSourceObject: {fileID: 0}
  m_PrefabInstance: {fileID: 0}
  m_PrefabAsset: {fileID: 0}
  serializedVersion: 6
  m_Component:
  - component: {fileID: 3444587999946854280}
  m_Layer: 0
  m_Name: RightHandThumb1
  m_TagString: Untagged
  m_Icon: {fileID: 0}
  m_NavMeshLayer: 0
  m_StaticEditorFlags: 0
  m_IsActive: 1
--- !u!4 &3444587999946854280
Transform:
  m_ObjectHideFlags: 0
  m_CorrespondingSourceObject: {fileID: 0}
  m_PrefabInstance: {fileID: 0}
  m_PrefabAsset: {fileID: 0}
  m_GameObject: {fileID: 3869016421856329972}
  m_LocalRotation: {x: -0.12368955, y: 0.43995285, z: 0.48544413, w: 0.7453096}
  m_LocalPosition: {x: -0.04115979, y: 0.040133998, z: 0.010045862}
  m_LocalScale: {x: 0.99999994, y: 1, z: 1}
  m_Children:
  - {fileID: 1513378648457133222}
  m_Father: {fileID: 4492301225231888578}
  m_RootOrder: 4
  m_LocalEulerAnglesHint: {x: 0, y: 0, z: 0}
--- !u!1 &4084262099807923842
GameObject:
  m_ObjectHideFlags: 0
  m_CorrespondingSourceObject: {fileID: 0}
  m_PrefabInstance: {fileID: 0}
  m_PrefabAsset: {fileID: 0}
  serializedVersion: 6
  m_Component:
  - component: {fileID: 7952075485818154733}
  m_Layer: 0
  m_Name: RightToeBase
  m_TagString: Untagged
  m_Icon: {fileID: 0}
  m_NavMeshLayer: 0
  m_StaticEditorFlags: 0
  m_IsActive: 1
--- !u!4 &7952075485818154733
Transform:
  m_ObjectHideFlags: 0
  m_CorrespondingSourceObject: {fileID: 0}
  m_PrefabInstance: {fileID: 0}
  m_PrefabAsset: {fileID: 0}
  m_GameObject: {fileID: 4084262099807923842}
  m_LocalRotation: {x: 0.27256483, y: 0.009704931, z: -0.0027498761, w: 0.96208453}
  m_LocalPosition: {x: 0.000000009109499, y: 0.16218518, z: -0.0000000040454324}
  m_LocalScale: {x: 1, y: 1, z: 1}
  m_Children: []
  m_Father: {fileID: 1579497128905558750}
  m_RootOrder: 0
  m_LocalEulerAnglesHint: {x: 0, y: 0, z: 0}
--- !u!1 &4086839524161085439
GameObject:
  m_ObjectHideFlags: 0
  m_CorrespondingSourceObject: {fileID: 0}
  m_PrefabInstance: {fileID: 0}
  m_PrefabAsset: {fileID: 0}
  serializedVersion: 6
  m_Component:
  - component: {fileID: 1579497128905558750}
  m_Layer: 0
  m_Name: RightFoot
  m_TagString: Untagged
  m_Icon: {fileID: 0}
  m_NavMeshLayer: 0
  m_StaticEditorFlags: 0
  m_IsActive: 1
--- !u!4 &1579497128905558750
Transform:
  m_ObjectHideFlags: 0
  m_CorrespondingSourceObject: {fileID: 0}
  m_PrefabInstance: {fileID: 0}
  m_PrefabAsset: {fileID: 0}
  m_GameObject: {fileID: 4086839524161085439}
  m_LocalRotation: {x: 0.51545936, y: -0.008702568, z: 0.0052351323, w: 0.85685384}
  m_LocalPosition: {x: -0.0000000055932787, y: 0.2687799, z: -0.000000003925379}
  m_LocalScale: {x: 1, y: 1, z: 0.99999994}
  m_Children:
  - {fileID: 7952075485818154733}
  m_Father: {fileID: 2483636921226643959}
  m_RootOrder: 0
  m_LocalEulerAnglesHint: {x: 0, y: 0, z: 0}
--- !u!1 &4103069509116920196
GameObject:
  m_ObjectHideFlags: 0
  m_CorrespondingSourceObject: {fileID: 0}
  m_PrefabInstance: {fileID: 0}
  m_PrefabAsset: {fileID: 0}
  serializedVersion: 6
  m_Component:
  - component: {fileID: 3618878958756937427}
  m_Layer: 0
  m_Name: RightArm
  m_TagString: Untagged
  m_Icon: {fileID: 0}
  m_NavMeshLayer: 0
  m_StaticEditorFlags: 0
  m_IsActive: 1
--- !u!4 &3618878958756937427
Transform:
  m_ObjectHideFlags: 0
  m_CorrespondingSourceObject: {fileID: 0}
  m_PrefabInstance: {fileID: 0}
  m_PrefabAsset: {fileID: 0}
  m_GameObject: {fileID: 4103069509116920196}
  m_LocalRotation: {x: -0.04359456, y: 0.00079200324, z: -0.01814698, w: 0.9988842}
  m_LocalPosition: {x: 0.0000000018044375, y: 0.08458732, z: -0.000000060361344}
  m_LocalScale: {x: 1, y: 1, z: 1}
  m_Children:
  - {fileID: 6999675680724880351}
  m_Father: {fileID: 1696197085747521719}
  m_RootOrder: 0
  m_LocalEulerAnglesHint: {x: 0, y: 0, z: 0}
--- !u!1 &4188155618895269245
GameObject:
  m_ObjectHideFlags: 0
  m_CorrespondingSourceObject: {fileID: 0}
  m_PrefabInstance: {fileID: 0}
  m_PrefabAsset: {fileID: 0}
  serializedVersion: 6
  m_Component:
  - component: {fileID: 3642429198950922338}
  m_Layer: 0
  m_Name: LeftHandRing3
  m_TagString: Untagged
  m_Icon: {fileID: 0}
  m_NavMeshLayer: 0
  m_StaticEditorFlags: 0
  m_IsActive: 1
--- !u!4 &3642429198950922338
Transform:
  m_ObjectHideFlags: 0
  m_CorrespondingSourceObject: {fileID: 0}
  m_PrefabInstance: {fileID: 0}
  m_PrefabAsset: {fileID: 0}
  m_GameObject: {fileID: 4188155618895269245}
  m_LocalRotation: {x: -0.16161115, y: 0.0007253409, z: 0.00038943192, w: 0.9868542}
  m_LocalPosition: {x: 0.0000000013969839, y: 0.043513756, z: -0.00000006292248}
  m_LocalScale: {x: 0.9999999, y: 0.9999999, z: 1}
  m_Children: []
  m_Father: {fileID: 9125961059472106857}
  m_RootOrder: 0
  m_LocalEulerAnglesHint: {x: 0, y: 0, z: 0}
--- !u!1 &4306798730460980746
GameObject:
  m_ObjectHideFlags: 0
  m_CorrespondingSourceObject: {fileID: 0}
  m_PrefabInstance: {fileID: 0}
  m_PrefabAsset: {fileID: 0}
  serializedVersion: 6
  m_Component:
  - component: {fileID: 1497833905689515625}
  m_Layer: 0
  m_Name: LeftHandIndex3
  m_TagString: Untagged
  m_Icon: {fileID: 0}
  m_NavMeshLayer: 0
  m_StaticEditorFlags: 0
  m_IsActive: 1
--- !u!4 &1497833905689515625
Transform:
  m_ObjectHideFlags: 0
  m_CorrespondingSourceObject: {fileID: 0}
  m_PrefabInstance: {fileID: 0}
  m_PrefabAsset: {fileID: 0}
  m_GameObject: {fileID: 4306798730460980746}
  m_LocalRotation: {x: 0.012838716, y: -0.001236314, z: 0.018423656, w: 0.9997471}
  m_LocalPosition: {x: 0.000000007450581, y: 0.03519445, z: 9.313226e-10}
  m_LocalScale: {x: 1, y: 1, z: 1}
  m_Children: []
  m_Father: {fileID: 6364505733885290172}
  m_RootOrder: 0
  m_LocalEulerAnglesHint: {x: 0, y: 0, z: 0}
--- !u!1 &4405921574820272378
GameObject:
  m_ObjectHideFlags: 0
  m_CorrespondingSourceObject: {fileID: 0}
  m_PrefabInstance: {fileID: 0}
  m_PrefabAsset: {fileID: 0}
  serializedVersion: 6
  m_Component:
  - component: {fileID: 6999675680724880351}
  m_Layer: 0
  m_Name: RightForeArm
  m_TagString: Untagged
  m_Icon: {fileID: 0}
  m_NavMeshLayer: 0
  m_StaticEditorFlags: 0
  m_IsActive: 1
--- !u!4 &6999675680724880351
Transform:
  m_ObjectHideFlags: 0
  m_CorrespondingSourceObject: {fileID: 0}
  m_PrefabInstance: {fileID: 0}
  m_PrefabAsset: {fileID: 0}
  m_GameObject: {fileID: 4405921574820272378}
  m_LocalRotation: {x: -0.007609909, y: -0.00025654628, z: 0.03368875, w: 0.99940336}
  m_LocalPosition: {x: -0.000000008381903, y: 0.19349596, z: -6.9849193e-10}
  m_LocalScale: {x: 0.9999999, y: 0.99999994, z: 1}
  m_Children:
  - {fileID: 4492301225231888578}
  m_Father: {fileID: 3618878958756937427}
  m_RootOrder: 0
  m_LocalEulerAnglesHint: {x: 0, y: 0, z: 0}
--- !u!1 &4557861544815375006
GameObject:
  m_ObjectHideFlags: 0
  m_CorrespondingSourceObject: {fileID: 0}
  m_PrefabInstance: {fileID: 0}
  m_PrefabAsset: {fileID: 0}
  serializedVersion: 6
  m_Component:
  - component: {fileID: 2883259130991507779}
  m_Layer: 0
  m_Name: RightHandMiddle3
  m_TagString: Untagged
  m_Icon: {fileID: 0}
  m_NavMeshLayer: 0
  m_StaticEditorFlags: 0
  m_IsActive: 1
--- !u!4 &2883259130991507779
Transform:
  m_ObjectHideFlags: 0
  m_CorrespondingSourceObject: {fileID: 0}
  m_PrefabInstance: {fileID: 0}
  m_PrefabAsset: {fileID: 0}
  m_GameObject: {fileID: 4557861544815375006}
  m_LocalRotation: {x: 0.00069225277, y: 0.000011437342, z: 0.000007771423, w: 0.99999976}
  m_LocalPosition: {x: -0.000000003259629, y: 0.04574366, z: -0.000000014017132}
  m_LocalScale: {x: 0.99999994, y: 1, z: 1}
  m_Children: []
  m_Father: {fileID: 562592541274142820}
  m_RootOrder: 0
  m_LocalEulerAnglesHint: {x: 0, y: 0, z: 0}
--- !u!1 &4576819460757906576
GameObject:
  m_ObjectHideFlags: 0
  m_CorrespondingSourceObject: {fileID: 0}
  m_PrefabInstance: {fileID: 0}
  m_PrefabAsset: {fileID: 0}
  serializedVersion: 6
  m_Component:
  - component: {fileID: 5823697082902411953}
  m_Layer: 0
  m_Name: LeftHandThumb3
  m_TagString: Untagged
  m_Icon: {fileID: 0}
  m_NavMeshLayer: 0
  m_StaticEditorFlags: 0
  m_IsActive: 1
--- !u!4 &5823697082902411953
Transform:
  m_ObjectHideFlags: 0
  m_CorrespondingSourceObject: {fileID: 0}
  m_PrefabInstance: {fileID: 0}
  m_PrefabAsset: {fileID: 0}
  m_GameObject: {fileID: 4576819460757906576}
  m_LocalRotation: {x: 0.09913588, y: -0.0022331038, z: -0.0008619296, w: 0.99507105}
  m_LocalPosition: {x: -0.0000000055879354, y: 0.050808985, z: -0.000000070780516}
  m_LocalScale: {x: 0.9999998, y: 0.9999999, z: 0.99999994}
  m_Children: []
  m_Father: {fileID: 4598665783210493556}
  m_RootOrder: 0
  m_LocalEulerAnglesHint: {x: 0, y: 0, z: 0}
--- !u!1 &4842921103293788662
GameObject:
  m_ObjectHideFlags: 0
  m_CorrespondingSourceObject: {fileID: 0}
  m_PrefabInstance: {fileID: 0}
  m_PrefabAsset: {fileID: 0}
  serializedVersion: 6
  m_Component:
  - component: {fileID: 79665863444869640}
  - component: {fileID: 7838624281041164353}
  m_Layer: 0
  m_Name: sport_shorts1
  m_TagString: Untagged
  m_Icon: {fileID: 0}
  m_NavMeshLayer: 0
  m_StaticEditorFlags: 0
  m_IsActive: 1
--- !u!4 &79665863444869640
Transform:
  m_ObjectHideFlags: 0
  m_CorrespondingSourceObject: {fileID: 0}
  m_PrefabInstance: {fileID: 0}
  m_PrefabAsset: {fileID: 0}
  m_GameObject: {fileID: 4842921103293788662}
  m_LocalRotation: {x: 0, y: 0, z: 0, w: 1}
  m_LocalPosition: {x: 0, y: 0, z: 0}
  m_LocalScale: {x: 1, y: 1, z: 1}
  m_Children: []
  m_Father: {fileID: 7051192876792677985}
  m_RootOrder: 5
  m_LocalEulerAnglesHint: {x: 0, y: 0, z: 0}
--- !u!137 &7838624281041164353
SkinnedMeshRenderer:
  m_ObjectHideFlags: 0
  m_CorrespondingSourceObject: {fileID: 0}
  m_PrefabInstance: {fileID: 0}
  m_PrefabAsset: {fileID: 0}
  m_GameObject: {fileID: 4842921103293788662}
  m_Enabled: 1
  m_CastShadows: 1
  m_ReceiveShadows: 1
  m_DynamicOccludee: 1
  m_MotionVectors: 1
  m_LightProbeUsage: 1
  m_ReflectionProbeUsage: 1
  m_RayTracingMode: 3
  m_RayTraceProcedural: 0
  m_RenderingLayerMask: 1
  m_RendererPriority: 0
  m_Materials:
  - {fileID: 2100000, guid: 13f8e0f0d40facf4cbb9541ce20e9566, type: 2}
  - {fileID: 2100000, guid: 0c0d6aac0ae3b49c0ac844214fa40e15, type: 2}
  m_StaticBatchInfo:
    firstSubMesh: 0
    subMeshCount: 0
  m_StaticBatchRoot: {fileID: 0}
  m_ProbeAnchor: {fileID: 0}
  m_LightProbeVolumeOverride: {fileID: 0}
  m_ScaleInLightmap: 1
  m_ReceiveGI: 1
  m_PreserveUVs: 0
  m_IgnoreNormalsForChartDetection: 0
  m_ImportantGI: 0
  m_StitchLightmapSeams: 1
  m_SelectedEditorRenderState: 3
  m_MinimumChartSize: 4
  m_AutoUVMaxDistance: 0.5
  m_AutoUVMaxAngle: 89
  m_LightmapParameters: {fileID: 0}
  m_SortingLayerID: 0
  m_SortingLayer: 0
  m_SortingOrder: 0
  serializedVersion: 2
  m_Quality: 0
  m_UpdateWhenOffscreen: 0
  m_SkinnedMotionVectors: 1
  m_Mesh: {fileID: 427228284143954638, guid: cf33824849cccd6489ebc0de7decd683, type: 3}
  m_Bones:
  - {fileID: 7148469316626742704}
  - {fileID: 1337069402530874852}
  - {fileID: 7941313758143918123}
  - {fileID: 4820909545180977140}
  - {fileID: 4312259560654720103}
  - {fileID: 9177511322520323937}
  - {fileID: 7345562550210519252}
  - {fileID: 654052932662230416}
  - {fileID: 3137247397092111724}
  - {fileID: 5561997586796623494}
  - {fileID: 8062084745810916542}
  - {fileID: 4598665783210493556}
  - {fileID: 5823697082902411953}
  - {fileID: 2686048563529513034}
  - {fileID: 6364505733885290172}
  - {fileID: 1497833905689515625}
  - {fileID: 3672140715286087145}
  - {fileID: 2557875845494944777}
  - {fileID: 2302363014739009496}
  - {fileID: 5675499676360442362}
  - {fileID: 9125961059472106857}
  - {fileID: 3642429198950922338}
  - {fileID: 5996469849769668883}
  - {fileID: 5432849139428034713}
  - {fileID: 8336330349473611969}
  - {fileID: 1696197085747521719}
  - {fileID: 3618878958756937427}
  - {fileID: 6999675680724880351}
  - {fileID: 4492301225231888578}
  - {fileID: 3444587999946854280}
  - {fileID: 1513378648457133222}
  - {fileID: 1046396657794472804}
  - {fileID: 6538825069397575522}
  - {fileID: 4596350421078283469}
  - {fileID: 693989368026194993}
  - {fileID: 1518705822116807772}
  - {fileID: 562592541274142820}
  - {fileID: 2883259130991507779}
  - {fileID: 3191756580081507769}
  - {fileID: 8775068401143176535}
  - {fileID: 5680137477096253716}
  - {fileID: 4197651189055452193}
  - {fileID: 3846280485195005855}
  - {fileID: 430806315168003242}
  - {fileID: 1375472497467260473}
  - {fileID: 491360961213625355}
  - {fileID: 7080798608757637934}
  - {fileID: 6482151955812507975}
  - {fileID: 1876031688508605698}
  - {fileID: 2483636921226643959}
  - {fileID: 1579497128905558750}
  - {fileID: 7952075485818154733}
  m_BlendShapeWeights: []
  m_RootBone: {fileID: 7148469316626742704}
  m_AABB:
    m_Center: {x: -0.009047359, y: -0.22080809, z: -0.0046089143}
    m_Extent: {x: 0.18249276, y: 0.19344735, z: 0.10174076}
  m_DirtyAABB: 0
--- !u!1 &4988834881675800078
GameObject:
  m_ObjectHideFlags: 0
  m_CorrespondingSourceObject: {fileID: 0}
  m_PrefabInstance: {fileID: 0}
  m_PrefabAsset: {fileID: 0}
  serializedVersion: 6
  m_Component:
  - component: {fileID: 5432849139428034713}
  m_Layer: 0
  m_Name: LeftHandPinky2
  m_TagString: Untagged
  m_Icon: {fileID: 0}
  m_NavMeshLayer: 0
  m_StaticEditorFlags: 0
  m_IsActive: 1
--- !u!4 &5432849139428034713
Transform:
  m_ObjectHideFlags: 0
  m_CorrespondingSourceObject: {fileID: 0}
  m_PrefabInstance: {fileID: 0}
  m_PrefabAsset: {fileID: 0}
  m_GameObject: {fileID: 4988834881675800078}
  m_LocalRotation: {x: 0.08104585, y: 0.002316731, z: 0.0016893661, w: 0.99670625}
  m_LocalPosition: {x: 0.000000006519258, y: 0.050200533, z: -0.000000016065314}
  m_LocalScale: {x: 1, y: 0.99999994, z: 1}
  m_Children:
  - {fileID: 8336330349473611969}
  m_Father: {fileID: 5996469849769668883}
  m_RootOrder: 0
  m_LocalEulerAnglesHint: {x: 0, y: 0, z: 0}
--- !u!1 &5081311238474997746
GameObject:
  m_ObjectHideFlags: 0
  m_CorrespondingSourceObject: {fileID: 0}
  m_PrefabInstance: {fileID: 0}
  m_PrefabAsset: {fileID: 0}
  serializedVersion: 6
  m_Component:
  - component: {fileID: 6538825069397575522}
  m_Layer: 0
  m_Name: RightHandIndex1
  m_TagString: Untagged
  m_Icon: {fileID: 0}
  m_NavMeshLayer: 0
  m_StaticEditorFlags: 0
  m_IsActive: 1
--- !u!4 &6538825069397575522
Transform:
  m_ObjectHideFlags: 0
  m_CorrespondingSourceObject: {fileID: 0}
  m_PrefabInstance: {fileID: 0}
  m_PrefabAsset: {fileID: 0}
  m_GameObject: {fileID: 5081311238474997746}
  m_LocalRotation: {x: 0.0055888463, y: -0.056375578, z: 0.072164625, w: 0.99578255}
  m_LocalPosition: {x: -0.046557344, y: 0.111395486, z: -0.008808952}
  m_LocalScale: {x: 1.0000001, y: 1, z: 1}
  m_Children:
  - {fileID: 4596350421078283469}
  m_Father: {fileID: 4492301225231888578}
  m_RootOrder: 0
  m_LocalEulerAnglesHint: {x: 0, y: 0, z: 0}
--- !u!1 &5117431660883811088
GameObject:
  m_ObjectHideFlags: 0
  m_CorrespondingSourceObject: {fileID: 0}
  m_PrefabInstance: {fileID: 0}
  m_PrefabAsset: {fileID: 0}
  serializedVersion: 6
  m_Component:
  - component: {fileID: 5996469849769668883}
  m_Layer: 0
  m_Name: LeftHandPinky1
  m_TagString: Untagged
  m_Icon: {fileID: 0}
  m_NavMeshLayer: 0
  m_StaticEditorFlags: 0
  m_IsActive: 1
--- !u!4 &5996469849769668883
Transform:
  m_ObjectHideFlags: 0
  m_CorrespondingSourceObject: {fileID: 0}
  m_PrefabInstance: {fileID: 0}
  m_PrefabAsset: {fileID: 0}
  m_GameObject: {fileID: 5117431660883811088}
  m_LocalRotation: {x: -0.0017144715, y: 0.059192754, z: 0.11280803, w: 0.9918506}
  m_LocalPosition: {x: -0.06311846, y: 0.10512358, z: 0.005852932}
  m_LocalScale: {x: 0.99999994, y: 0.9999999, z: 1.0000001}
  m_Children:
  - {fileID: 5432849139428034713}
  m_Father: {fileID: 5561997586796623494}
  m_RootOrder: 2
  m_LocalEulerAnglesHint: {x: 0, y: 0, z: 0}
--- !u!1 &5209686218267225167
GameObject:
  m_ObjectHideFlags: 0
  m_CorrespondingSourceObject: {fileID: 0}
  m_PrefabInstance: {fileID: 0}
  m_PrefabAsset: {fileID: 0}
  serializedVersion: 6
  m_Component:
  - component: {fileID: 3592388927478149873}
  m_Layer: 0
  m_Name: Mini Modular Male Sports Armature
  m_TagString: Untagged
  m_Icon: {fileID: 0}
  m_NavMeshLayer: 0
  m_StaticEditorFlags: 0
  m_IsActive: 1
--- !u!4 &3592388927478149873
Transform:
  m_ObjectHideFlags: 0
  m_CorrespondingSourceObject: {fileID: 0}
  m_PrefabInstance: {fileID: 0}
  m_PrefabAsset: {fileID: 0}
  m_GameObject: {fileID: 5209686218267225167}
  m_LocalRotation: {x: 0, y: 0, z: 0, w: 1}
  m_LocalPosition: {x: 0, y: 0, z: 0}
  m_LocalScale: {x: 1, y: 1, z: 1}
  m_Children:
  - {fileID: 7148469316626742704}
  m_Father: {fileID: 7051192876792677985}
  m_RootOrder: 3
  m_LocalEulerAnglesHint: {x: 0, y: 0, z: 0}
--- !u!1 &5236778765016911747
GameObject:
  m_ObjectHideFlags: 0
  m_CorrespondingSourceObject: {fileID: 0}
  m_PrefabInstance: {fileID: 0}
  m_PrefabAsset: {fileID: 0}
  serializedVersion: 6
  m_Component:
  - component: {fileID: 4197651189055452193}
  m_Layer: 0
  m_Name: RightHandPinky1
  m_TagString: Untagged
  m_Icon: {fileID: 0}
  m_NavMeshLayer: 0
  m_StaticEditorFlags: 0
  m_IsActive: 1
--- !u!4 &4197651189055452193
Transform:
  m_ObjectHideFlags: 0
  m_CorrespondingSourceObject: {fileID: 0}
  m_PrefabInstance: {fileID: 0}
  m_PrefabAsset: {fileID: 0}
  m_GameObject: {fileID: 5236778765016911747}
  m_LocalRotation: {x: 0.028810916, y: -0.063057125, z: -0.1200703, w: 0.9903418}
  m_LocalPosition: {x: 0.06447699, y: 0.10304352, z: 0.0035350742}
  m_LocalScale: {x: 1.0000001, y: 1.0000001, z: 0.99999994}
  m_Children:
  - {fileID: 3846280485195005855}
  m_Father: {fileID: 4492301225231888578}
  m_RootOrder: 2
  m_LocalEulerAnglesHint: {x: 0, y: 0, z: 0}
--- !u!1 &5373218246446744318
GameObject:
  m_ObjectHideFlags: 0
  m_CorrespondingSourceObject: {fileID: 0}
  m_PrefabInstance: {fileID: 0}
  m_PrefabAsset: {fileID: 0}
  serializedVersion: 6
  m_Component:
  - component: {fileID: 9125961059472106857}
  m_Layer: 0
  m_Name: LeftHandRing2
  m_TagString: Untagged
  m_Icon: {fileID: 0}
  m_NavMeshLayer: 0
  m_StaticEditorFlags: 0
  m_IsActive: 1
--- !u!4 &9125961059472106857
Transform:
  m_ObjectHideFlags: 0
  m_CorrespondingSourceObject: {fileID: 0}
  m_PrefabInstance: {fileID: 0}
  m_PrefabAsset: {fileID: 0}
  m_GameObject: {fileID: 5373218246446744318}
  m_LocalRotation: {x: 0.057280704, y: 0.0013726625, z: 0.0009068553, w: 0.9983568}
  m_LocalPosition: {x: 9.313226e-10, y: 0.04510395, z: -0.000000033469405}
  m_LocalScale: {x: 0.99999994, y: 1.0000001, z: 1.0000001}
  m_Children:
  - {fileID: 3642429198950922338}
  m_Father: {fileID: 5675499676360442362}
  m_RootOrder: 0
  m_LocalEulerAnglesHint: {x: 0, y: 0, z: 0}
--- !u!1 &5577192750659883727
GameObject:
  m_ObjectHideFlags: 0
  m_CorrespondingSourceObject: {fileID: 0}
  m_PrefabInstance: {fileID: 0}
  m_PrefabAsset: {fileID: 0}
  serializedVersion: 6
  m_Component:
  - component: {fileID: 1518705822116807772}
  m_Layer: 0
  m_Name: RightHandMiddle1
  m_TagString: Untagged
  m_Icon: {fileID: 0}
  m_NavMeshLayer: 0
  m_StaticEditorFlags: 0
  m_IsActive: 1
--- !u!4 &1518705822116807772
Transform:
  m_ObjectHideFlags: 0
  m_CorrespondingSourceObject: {fileID: 0}
  m_PrefabInstance: {fileID: 0}
  m_PrefabAsset: {fileID: 0}
  m_GameObject: {fileID: 5577192750659883727}
  m_LocalRotation: {x: 0.019660058, y: -0.05972378, z: -0.011550974, w: 0.9979545}
  m_LocalPosition: {x: -0.0077338777, y: 0.11348031, z: -0.0053476347}
  m_LocalScale: {x: 0.99999994, y: 0.99999994, z: 0.99999994}
  m_Children:
  - {fileID: 562592541274142820}
  m_Father: {fileID: 4492301225231888578}
  m_RootOrder: 1
  m_LocalEulerAnglesHint: {x: 0, y: 0, z: 0}
--- !u!1 &5735407304597568398
GameObject:
  m_ObjectHideFlags: 0
  m_CorrespondingSourceObject: {fileID: 0}
  m_PrefabInstance: {fileID: 0}
  m_PrefabAsset: {fileID: 0}
  serializedVersion: 6
  m_Component:
  - component: {fileID: 430806315168003242}
  m_Layer: 0
  m_Name: RightHandPinky3
  m_TagString: Untagged
  m_Icon: {fileID: 0}
  m_NavMeshLayer: 0
  m_StaticEditorFlags: 0
  m_IsActive: 1
--- !u!4 &430806315168003242
Transform:
  m_ObjectHideFlags: 0
  m_CorrespondingSourceObject: {fileID: 0}
  m_PrefabInstance: {fileID: 0}
  m_PrefabAsset: {fileID: 0}
  m_GameObject: {fileID: 5735407304597568398}
  m_LocalRotation: {x: 0.043409873, y: -0.0015989908, z: -0.001061284, w: 0.9990555}
  m_LocalPosition: {x: 0.0000000030267984, y: 0.039257176, z: 0.00000006263144}
  m_LocalScale: {x: 1, y: 0.99999994, z: 0.99999994}
  m_Children: []
  m_Father: {fileID: 3846280485195005855}
  m_RootOrder: 0
  m_LocalEulerAnglesHint: {x: 0, y: 0, z: 0}
--- !u!1 &6000861682131367646
GameObject:
  m_ObjectHideFlags: 0
  m_CorrespondingSourceObject: {fileID: 0}
  m_PrefabInstance: {fileID: 0}
  m_PrefabAsset: {fileID: 0}
  serializedVersion: 6
  m_Component:
  - component: {fileID: 2557875845494944777}
  m_Layer: 0
  m_Name: LeftHandMiddle2
  m_TagString: Untagged
  m_Icon: {fileID: 0}
  m_NavMeshLayer: 0
  m_StaticEditorFlags: 0
  m_IsActive: 1
--- !u!4 &2557875845494944777
Transform:
  m_ObjectHideFlags: 0
  m_CorrespondingSourceObject: {fileID: 0}
  m_PrefabInstance: {fileID: 0}
  m_PrefabAsset: {fileID: 0}
  m_GameObject: {fileID: 6000861682131367646}
  m_LocalRotation: {x: 0.050681423, y: -0.00092246395, z: -0.00069572806, w: 0.9987142}
  m_LocalPosition: {x: -0.0000000055879354, y: 0.048595384, z: -0.000000046451532}
  m_LocalScale: {x: 1, y: 1, z: 1}
  m_Children:
  - {fileID: 2302363014739009496}
  m_Father: {fileID: 3672140715286087145}
  m_RootOrder: 0
  m_LocalEulerAnglesHint: {x: 0, y: 0, z: 0}
--- !u!1 &6174692607933648185
GameObject:
  m_ObjectHideFlags: 0
  m_CorrespondingSourceObject: {fileID: 0}
  m_PrefabInstance: {fileID: 0}
  m_PrefabAsset: {fileID: 0}
  serializedVersion: 6
  m_Component:
  - component: {fileID: 1375472497467260473}
  m_Layer: 0
  m_Name: LeftUpLeg
  m_TagString: Untagged
  m_Icon: {fileID: 0}
  m_NavMeshLayer: 0
  m_StaticEditorFlags: 0
  m_IsActive: 1
--- !u!4 &1375472497467260473
Transform:
  m_ObjectHideFlags: 0
  m_CorrespondingSourceObject: {fileID: 0}
  m_PrefabInstance: {fileID: 0}
  m_PrefabAsset: {fileID: 0}
  m_GameObject: {fileID: 6174692607933648185}
  m_LocalRotation: {x: -0.000042552474, y: 0.0010136977, z: 0.9990812, w: 0.04284562}
  m_LocalPosition: {x: -0.06750077, y: -0.02805824, z: -0.0030283963}
  m_LocalScale: {x: 1.0000132, y: 1, z: 0.99999994}
  m_Children:
  - {fileID: 491360961213625355}
  m_Father: {fileID: 7148469316626742704}
  m_RootOrder: 0
  m_LocalEulerAnglesHint: {x: 0, y: 0, z: 0}
--- !u!1 &6308539919791790892
GameObject:
  m_ObjectHideFlags: 0
  m_CorrespondingSourceObject: {fileID: 0}
  m_PrefabInstance: {fileID: 0}
  m_PrefabAsset: {fileID: 0}
  serializedVersion: 6
  m_Component:
  - component: {fileID: 1696197085747521719}
  m_Layer: 0
  m_Name: RightShoulder
  m_TagString: Untagged
  m_Icon: {fileID: 0}
  m_NavMeshLayer: 0
  m_StaticEditorFlags: 0
  m_IsActive: 1
--- !u!4 &1696197085747521719
Transform:
  m_ObjectHideFlags: 0
  m_CorrespondingSourceObject: {fileID: 0}
  m_PrefabInstance: {fileID: 0}
  m_PrefabAsset: {fileID: 0}
  m_GameObject: {fileID: 6308539919791790892}
  m_LocalRotation: {x: 0.5790533, y: 0.40560466, z: -0.5773931, w: 0.40841082}
  m_LocalPosition: {x: 0.039960016, y: 0.061694294, z: 0.000051165}
  m_LocalScale: {x: 1.0000001, y: 1, z: 1}
  m_Children:
  - {fileID: 3618878958756937427}
  m_Father: {fileID: 4820909545180977140}
  m_RootOrder: 2
  m_LocalEulerAnglesHint: {x: 0, y: 0, z: 0}
--- !u!1 &6354889318657812601
GameObject:
  m_ObjectHideFlags: 0
  m_CorrespondingSourceObject: {fileID: 0}
  m_PrefabInstance: {fileID: 0}
  m_PrefabAsset: {fileID: 0}
  serializedVersion: 6
  m_Component:
  - component: {fileID: 1337069402530874852}
  m_Layer: 0
  m_Name: Spine
  m_TagString: Untagged
  m_Icon: {fileID: 0}
  m_NavMeshLayer: 0
  m_StaticEditorFlags: 0
  m_IsActive: 1
--- !u!4 &1337069402530874852
Transform:
  m_ObjectHideFlags: 0
  m_CorrespondingSourceObject: {fileID: 0}
  m_PrefabInstance: {fileID: 0}
  m_PrefabAsset: {fileID: 0}
  m_GameObject: {fileID: 6354889318657812601}
  m_LocalRotation: {x: 0.0065627065, y: 0, z: -0, w: 0.9999785}
  m_LocalPosition: {x: -0, y: 0.050549246, z: 0.0006635216}
  m_LocalScale: {x: 1, y: 0.99999994, z: 1}
  m_Children:
  - {fileID: 7941313758143918123}
  m_Father: {fileID: 7148469316626742704}
  m_RootOrder: 2
  m_LocalEulerAnglesHint: {x: 0, y: 0, z: 0}
--- !u!1 &6511130393559799101
GameObject:
  m_ObjectHideFlags: 0
  m_CorrespondingSourceObject: {fileID: 0}
  m_PrefabInstance: {fileID: 0}
  m_PrefabAsset: {fileID: 0}
  serializedVersion: 6
  m_Component:
  - component: {fileID: 4596350421078283469}
  m_Layer: 0
  m_Name: RightHandIndex2
  m_TagString: Untagged
  m_Icon: {fileID: 0}
  m_NavMeshLayer: 0
  m_StaticEditorFlags: 0
  m_IsActive: 1
--- !u!4 &4596350421078283469
Transform:
  m_ObjectHideFlags: 0
  m_CorrespondingSourceObject: {fileID: 0}
  m_PrefabInstance: {fileID: 0}
  m_PrefabAsset: {fileID: 0}
  m_GameObject: {fileID: 6511130393559799101}
  m_LocalRotation: {x: 0.05077032, y: 0.0020857886, z: 0.0015456625, w: 0.998707}
  m_LocalPosition: {x: 0.000000018626451, y: 0.046009462, z: -0.00000009087671}
  m_LocalScale: {x: 1, y: 1, z: 1.0000001}
  m_Children:
  - {fileID: 693989368026194993}
  m_Father: {fileID: 6538825069397575522}
  m_RootOrder: 0
  m_LocalEulerAnglesHint: {x: 0, y: 0, z: 0}
--- !u!1 &6519262484844032585
GameObject:
  m_ObjectHideFlags: 0
  m_CorrespondingSourceObject: {fileID: 0}
  m_PrefabInstance: {fileID: 0}
  m_PrefabAsset: {fileID: 0}
  serializedVersion: 6
  m_Component:
  - component: {fileID: 5561997586796623494}
  m_Layer: 0
  m_Name: LeftHand
  m_TagString: Untagged
  m_Icon: {fileID: 0}
  m_NavMeshLayer: 0
  m_StaticEditorFlags: 0
  m_IsActive: 1
--- !u!4 &5561997586796623494
Transform:
  m_ObjectHideFlags: 0
  m_CorrespondingSourceObject: {fileID: 0}
  m_PrefabInstance: {fileID: 0}
  m_PrefabAsset: {fileID: 0}
  m_GameObject: {fileID: 6519262484844032585}
  m_LocalRotation: {x: 0.024209457, y: -0.044364106, z: -0.010572333, w: 0.9986661}
  m_LocalPosition: {x: 4.656613e-10, y: 0.19889952, z: 0.000000009546056}
  m_LocalScale: {x: 1, y: 0.9999999, z: 1.0000001}
  m_Children:
  - {fileID: 2686048563529513034}
  - {fileID: 3672140715286087145}
  - {fileID: 5996469849769668883}
  - {fileID: 5675499676360442362}
  - {fileID: 8062084745810916542}
  m_Father: {fileID: 3137247397092111724}
  m_RootOrder: 0
  m_LocalEulerAnglesHint: {x: 0, y: 0, z: 0}
--- !u!1 &6579418245331044936
GameObject:
  m_ObjectHideFlags: 0
  m_CorrespondingSourceObject: {fileID: 0}
  m_PrefabInstance: {fileID: 0}
  m_PrefabAsset: {fileID: 0}
  serializedVersion: 6
  m_Component:
  - component: {fileID: 5258076282660177077}
  - component: {fileID: 653081285113150195}
  m_Layer: 0
  m_Name: body
  m_TagString: Untagged
  m_Icon: {fileID: 0}
  m_NavMeshLayer: 0
  m_StaticEditorFlags: 0
  m_IsActive: 1
--- !u!4 &5258076282660177077
Transform:
  m_ObjectHideFlags: 0
  m_CorrespondingSourceObject: {fileID: 0}
  m_PrefabInstance: {fileID: 0}
  m_PrefabAsset: {fileID: 0}
  m_GameObject: {fileID: 6579418245331044936}
  m_LocalRotation: {x: 0, y: 0, z: 0, w: 1}
  m_LocalPosition: {x: 0, y: 0, z: 0}
  m_LocalScale: {x: 1, y: 1, z: 1}
  m_Children: []
  m_Father: {fileID: 7051192876792677985}
  m_RootOrder: 1
  m_LocalEulerAnglesHint: {x: 0, y: 0, z: 0}
--- !u!137 &653081285113150195
SkinnedMeshRenderer:
  m_ObjectHideFlags: 0
  m_CorrespondingSourceObject: {fileID: 0}
  m_PrefabInstance: {fileID: 0}
  m_PrefabAsset: {fileID: 0}
  m_GameObject: {fileID: 6579418245331044936}
  m_Enabled: 1
  m_CastShadows: 1
  m_ReceiveShadows: 1
  m_DynamicOccludee: 1
  m_MotionVectors: 1
  m_LightProbeUsage: 1
  m_ReflectionProbeUsage: 1
  m_RayTracingMode: 3
  m_RayTraceProcedural: 0
  m_RenderingLayerMask: 1
  m_RendererPriority: 0
  m_Materials:
  - {fileID: 2100000, guid: 0c0d6aac0ae3b49c0ac844214fa40e15, type: 2}
  m_StaticBatchInfo:
    firstSubMesh: 0
    subMeshCount: 0
  m_StaticBatchRoot: {fileID: 0}
  m_ProbeAnchor: {fileID: 0}
  m_LightProbeVolumeOverride: {fileID: 0}
  m_ScaleInLightmap: 1
  m_ReceiveGI: 1
  m_PreserveUVs: 0
  m_IgnoreNormalsForChartDetection: 0
  m_ImportantGI: 0
  m_StitchLightmapSeams: 1
  m_SelectedEditorRenderState: 3
  m_MinimumChartSize: 4
  m_AutoUVMaxDistance: 0.5
  m_AutoUVMaxAngle: 89
  m_LightmapParameters: {fileID: 0}
  m_SortingLayerID: 0
  m_SortingLayer: 0
  m_SortingOrder: 0
  serializedVersion: 2
  m_Quality: 0
  m_UpdateWhenOffscreen: 0
  m_SkinnedMotionVectors: 1
  m_Mesh: {fileID: -8545447256379345787, guid: cf33824849cccd6489ebc0de7decd683, type: 3}
  m_Bones:
  - {fileID: 7148469316626742704}
  - {fileID: 1337069402530874852}
  - {fileID: 7941313758143918123}
  - {fileID: 4820909545180977140}
  - {fileID: 4312259560654720103}
  - {fileID: 9177511322520323937}
  - {fileID: 7345562550210519252}
  - {fileID: 654052932662230416}
  - {fileID: 3137247397092111724}
  - {fileID: 5561997586796623494}
  - {fileID: 8062084745810916542}
  - {fileID: 4598665783210493556}
  - {fileID: 5823697082902411953}
  - {fileID: 2686048563529513034}
  - {fileID: 6364505733885290172}
  - {fileID: 1497833905689515625}
  - {fileID: 3672140715286087145}
  - {fileID: 2557875845494944777}
  - {fileID: 2302363014739009496}
  - {fileID: 5675499676360442362}
  - {fileID: 9125961059472106857}
  - {fileID: 3642429198950922338}
  - {fileID: 5996469849769668883}
  - {fileID: 5432849139428034713}
  - {fileID: 8336330349473611969}
  - {fileID: 1696197085747521719}
  - {fileID: 3618878958756937427}
  - {fileID: 6999675680724880351}
  - {fileID: 4492301225231888578}
  - {fileID: 3444587999946854280}
  - {fileID: 1513378648457133222}
  - {fileID: 1046396657794472804}
  - {fileID: 6538825069397575522}
  - {fileID: 4596350421078283469}
  - {fileID: 693989368026194993}
  - {fileID: 1518705822116807772}
  - {fileID: 562592541274142820}
  - {fileID: 2883259130991507779}
  - {fileID: 3191756580081507769}
  - {fileID: 8775068401143176535}
  - {fileID: 5680137477096253716}
  - {fileID: 4197651189055452193}
  - {fileID: 3846280485195005855}
  - {fileID: 430806315168003242}
  - {fileID: 1375472497467260473}
  - {fileID: 491360961213625355}
  - {fileID: 7080798608757637934}
  - {fileID: 6482151955812507975}
  - {fileID: 1876031688508605698}
  - {fileID: 2483636921226643959}
  - {fileID: 1579497128905558750}
  - {fileID: 7952075485818154733}
  m_BlendShapeWeights: []
  m_RootBone: {fileID: 7148469316626742704}
  m_AABB:
    m_Center: {x: -0.00010329485, y: 0.17353949, z: 0.040789396}
    m_Extent: {x: 0.73633784, y: 0.9307841, z: 0.40067473}
  m_DirtyAABB: 0
--- !u!1 &6967991147999848226
GameObject:
  m_ObjectHideFlags: 0
  m_CorrespondingSourceObject: {fileID: 0}
  m_PrefabInstance: {fileID: 0}
  m_PrefabAsset: {fileID: 0}
  serializedVersion: 6
  m_Component:
  - component: {fileID: 4598665783210493556}
  m_Layer: 0
  m_Name: LeftHandThumb2
  m_TagString: Untagged
  m_Icon: {fileID: 0}
  m_NavMeshLayer: 0
  m_StaticEditorFlags: 0
  m_IsActive: 1
--- !u!4 &4598665783210493556
Transform:
  m_ObjectHideFlags: 0
  m_CorrespondingSourceObject: {fileID: 0}
  m_PrefabInstance: {fileID: 0}
  m_PrefabAsset: {fileID: 0}
  m_GameObject: {fileID: 6967991147999848226}
  m_LocalRotation: {x: 0.09123984, y: 0.040721215, z: -0.03920241, w: 0.9942235}
  m_LocalPosition: {x: -0.000000013038516, y: 0.03480605, z: -0.000000031664968}
  m_LocalScale: {x: 1, y: 0.9999999, z: 1}
  m_Children:
  - {fileID: 5823697082902411953}
  m_Father: {fileID: 8062084745810916542}
  m_RootOrder: 0
  m_LocalEulerAnglesHint: {x: 0, y: 0, z: 0}
--- !u!1 &7406557021192948663
GameObject:
  m_ObjectHideFlags: 0
  m_CorrespondingSourceObject: {fileID: 0}
  m_PrefabInstance: {fileID: 0}
  m_PrefabAsset: {fileID: 0}
  serializedVersion: 6
  m_Component:
  - component: {fileID: 4820909545180977140}
  m_Layer: 0
  m_Name: Spine2
  m_TagString: Untagged
  m_Icon: {fileID: 0}
  m_NavMeshLayer: 0
  m_StaticEditorFlags: 0
  m_IsActive: 1
--- !u!4 &4820909545180977140
Transform:
  m_ObjectHideFlags: 0
  m_CorrespondingSourceObject: {fileID: 0}
  m_PrefabInstance: {fileID: 0}
  m_PrefabAsset: {fileID: 0}
  m_GameObject: {fileID: 7406557021192948663}
  m_LocalRotation: {x: 0.0009313738, y: 0, z: -0, w: 0.9999996}
  m_LocalPosition: {x: -0, y: 0.06740466, z: 0.0000000018626451}
  m_LocalScale: {x: 1, y: 1, z: 1}
  m_Children:
  - {fileID: 7345562550210519252}
  - {fileID: 4312259560654720103}
  - {fileID: 1696197085747521719}
  m_Father: {fileID: 7941313758143918123}
  m_RootOrder: 0
  m_LocalEulerAnglesHint: {x: 0, y: 0, z: 0}
--- !u!1 &7505057149778503099
GameObject:
  m_ObjectHideFlags: 0
  m_CorrespondingSourceObject: {fileID: 0}
  m_PrefabInstance: {fileID: 0}
  m_PrefabAsset: {fileID: 0}
  serializedVersion: 6
  m_Component:
  - component: {fileID: 2686048563529513034}
  m_Layer: 0
  m_Name: LeftHandIndex1
  m_TagString: Untagged
  m_Icon: {fileID: 0}
  m_NavMeshLayer: 0
  m_StaticEditorFlags: 0
  m_IsActive: 1
--- !u!4 &2686048563529513034
Transform:
  m_ObjectHideFlags: 0
  m_CorrespondingSourceObject: {fileID: 0}
  m_PrefabInstance: {fileID: 0}
  m_PrefabAsset: {fileID: 0}
  m_GameObject: {fileID: 7505057149778503099}
  m_LocalRotation: {x: -0.024114907, y: 0.06090739, z: -0.08454372, w: 0.9942641}
  m_LocalPosition: {x: 0.047498874, y: 0.11320683, z: -0.006714059}
  m_LocalScale: {x: 1, y: 1, z: 1}
  m_Children:
  - {fileID: 6364505733885290172}
  m_Father: {fileID: 5561997586796623494}
  m_RootOrder: 0
  m_LocalEulerAnglesHint: {x: 0, y: 0, z: 0}
--- !u!1 &7652212085593224039
GameObject:
  m_ObjectHideFlags: 0
  m_CorrespondingSourceObject: {fileID: 0}
  m_PrefabInstance: {fileID: 0}
  m_PrefabAsset: {fileID: 0}
  serializedVersion: 6
  m_Component:
  - component: {fileID: 6364505733885290172}
  m_Layer: 0
  m_Name: LeftHandIndex2
  m_TagString: Untagged
  m_Icon: {fileID: 0}
  m_NavMeshLayer: 0
  m_StaticEditorFlags: 0
  m_IsActive: 1
--- !u!4 &6364505733885290172
Transform:
  m_ObjectHideFlags: 0
  m_CorrespondingSourceObject: {fileID: 0}
  m_PrefabInstance: {fileID: 0}
  m_PrefabAsset: {fileID: 0}
  m_GameObject: {fileID: 7652212085593224039}
  m_LocalRotation: {x: 0.090225704, y: -0.00476671, z: -0.035679873, w: 0.9952706}
  m_LocalPosition: {x: -0.0000000037252903, y: 0.052302312, z: 0.000000009720679}
  m_LocalScale: {x: 0.99999994, y: 0.99999994, z: 1}
  m_Children:
  - {fileID: 1497833905689515625}
  m_Father: {fileID: 2686048563529513034}
  m_RootOrder: 0
  m_LocalEulerAnglesHint: {x: 0, y: 0, z: 0}
--- !u!1 &7678934493143391451
GameObject:
  m_ObjectHideFlags: 0
  m_CorrespondingSourceObject: {fileID: 0}
  m_PrefabInstance: {fileID: 0}
  m_PrefabAsset: {fileID: 0}
  serializedVersion: 6
  m_Component:
  - component: {fileID: 7051192876792677985}
  - component: {fileID: 3979759596796632091}
  m_Layer: 0
  m_Name: Soccer Player
  m_TagString: Untagged
  m_Icon: {fileID: 0}
  m_NavMeshLayer: 0
  m_StaticEditorFlags: 0
  m_IsActive: 1
--- !u!4 &7051192876792677985
Transform:
  m_ObjectHideFlags: 0
  m_CorrespondingSourceObject: {fileID: 0}
  m_PrefabInstance: {fileID: 0}
  m_PrefabAsset: {fileID: 0}
  m_GameObject: {fileID: 7678934493143391451}
  m_LocalRotation: {x: 0, y: 0, z: 0, w: 1}
  m_LocalPosition: {x: 0, y: 0, z: 0}
  m_LocalScale: {x: 1, y: 1, z: 1}
  m_Children:
  - {fileID: 2394495164823751156}
  - {fileID: 5258076282660177077}
  - {fileID: 5892883158711913553}
  - {fileID: 3592388927478149873}
  - {fileID: 9212834228456858468}
  - {fileID: 79665863444869640}
  - {fileID: 4411063199830190304}
  - {fileID: 2346247510989406121}
  m_Father: {fileID: 0}
  m_RootOrder: 0
  m_LocalEulerAnglesHint: {x: 0, y: 0, z: 0}
--- !u!95 &3979759596796632091
Animator:
  serializedVersion: 3
  m_ObjectHideFlags: 0
  m_CorrespondingSourceObject: {fileID: 0}
  m_PrefabInstance: {fileID: 0}
  m_PrefabAsset: {fileID: 0}
  m_GameObject: {fileID: 7678934493143391451}
  m_Enabled: 1
  m_Avatar: {fileID: 9000000, guid: cf33824849cccd6489ebc0de7decd683, type: 3}
  m_Controller: {fileID: 0}
  m_CullingMode: 1
  m_UpdateMode: 0
  m_ApplyRootMotion: 1
  m_LinearVelocityBlending: 0
  m_WarningMessage: 
  m_HasTransformHierarchy: 1
  m_AllowConstantClipSamplingOptimization: 1
  m_KeepAnimatorControllerStateOnDisable: 0
--- !u!1 &7739283979216529770
GameObject:
  m_ObjectHideFlags: 0
  m_CorrespondingSourceObject: {fileID: 0}
  m_PrefabInstance: {fileID: 0}
  m_PrefabAsset: {fileID: 0}
  serializedVersion: 6
  m_Component:
  - component: {fileID: 3191756580081507769}
  m_Layer: 0
  m_Name: RightHandRing1
  m_TagString: Untagged
  m_Icon: {fileID: 0}
  m_NavMeshLayer: 0
  m_StaticEditorFlags: 0
  m_IsActive: 1
--- !u!4 &3191756580081507769
Transform:
  m_ObjectHideFlags: 0
  m_CorrespondingSourceObject: {fileID: 0}
  m_PrefabInstance: {fileID: 0}
  m_PrefabAsset: {fileID: 0}
  m_GameObject: {fileID: 7739283979216529770}
  m_LocalRotation: {x: 0.009499281, y: -0.060281135, z: -0.057498008, w: 0.9964788}
  m_LocalPosition: {x: 0.030974079, y: 0.11485334, z: 0.0005757944}
  m_LocalScale: {x: 1, y: 0.99999994, z: 0.99999994}
  m_Children:
  - {fileID: 8775068401143176535}
  m_Father: {fileID: 4492301225231888578}
  m_RootOrder: 3
  m_LocalEulerAnglesHint: {x: 0, y: 0, z: 0}
--- !u!1 &7816853995834129968
GameObject:
  m_ObjectHideFlags: 0
  m_CorrespondingSourceObject: {fileID: 0}
  m_PrefabInstance: {fileID: 0}
  m_PrefabAsset: {fileID: 0}
  serializedVersion: 6
  m_Component:
  - component: {fileID: 5892883158711913553}
  - component: {fileID: 4605987071851977574}
  m_Layer: 0
  m_Name: hair7
  m_TagString: Untagged
  m_Icon: {fileID: 0}
  m_NavMeshLayer: 0
  m_StaticEditorFlags: 0
  m_IsActive: 1
--- !u!4 &5892883158711913553
Transform:
  m_ObjectHideFlags: 0
  m_CorrespondingSourceObject: {fileID: 0}
  m_PrefabInstance: {fileID: 0}
  m_PrefabAsset: {fileID: 0}
  m_GameObject: {fileID: 7816853995834129968}
  m_LocalRotation: {x: 0, y: 0, z: 0, w: 1}
  m_LocalPosition: {x: 0, y: 0, z: 0}
  m_LocalScale: {x: 1, y: 1, z: 1}
  m_Children: []
  m_Father: {fileID: 7051192876792677985}
  m_RootOrder: 2
  m_LocalEulerAnglesHint: {x: 0, y: 0, z: 0}
--- !u!137 &4605987071851977574
SkinnedMeshRenderer:
  m_ObjectHideFlags: 0
  m_CorrespondingSourceObject: {fileID: 0}
  m_PrefabInstance: {fileID: 0}
  m_PrefabAsset: {fileID: 0}
  m_GameObject: {fileID: 7816853995834129968}
  m_Enabled: 1
  m_CastShadows: 1
  m_ReceiveShadows: 1
  m_DynamicOccludee: 1
  m_MotionVectors: 1
  m_LightProbeUsage: 1
  m_ReflectionProbeUsage: 1
  m_RayTracingMode: 3
  m_RayTraceProcedural: 0
  m_RenderingLayerMask: 1
  m_RendererPriority: 0
  m_Materials:
  - {fileID: 2100000, guid: 0c0d6aac0ae3b49c0ac844214fa40e15, type: 2}
  m_StaticBatchInfo:
    firstSubMesh: 0
    subMeshCount: 0
  m_StaticBatchRoot: {fileID: 0}
  m_ProbeAnchor: {fileID: 0}
  m_LightProbeVolumeOverride: {fileID: 0}
  m_ScaleInLightmap: 1
  m_ReceiveGI: 1
  m_PreserveUVs: 0
  m_IgnoreNormalsForChartDetection: 0
  m_ImportantGI: 0
  m_StitchLightmapSeams: 1
  m_SelectedEditorRenderState: 3
  m_MinimumChartSize: 4
  m_AutoUVMaxDistance: 0.5
  m_AutoUVMaxAngle: 89
  m_LightmapParameters: {fileID: 0}
  m_SortingLayerID: 0
  m_SortingLayer: 0
  m_SortingOrder: 0
  serializedVersion: 2
  m_Quality: 0
  m_UpdateWhenOffscreen: 0
  m_SkinnedMotionVectors: 1
  m_Mesh: {fileID: 4992399663509136992, guid: cf33824849cccd6489ebc0de7decd683, type: 3}
  m_Bones:
  - {fileID: 7148469316626742704}
  - {fileID: 1337069402530874852}
  - {fileID: 7941313758143918123}
  - {fileID: 4820909545180977140}
  - {fileID: 4312259560654720103}
  - {fileID: 9177511322520323937}
  - {fileID: 7345562550210519252}
  - {fileID: 654052932662230416}
  - {fileID: 3137247397092111724}
  - {fileID: 5561997586796623494}
  - {fileID: 8062084745810916542}
  - {fileID: 4598665783210493556}
  - {fileID: 5823697082902411953}
  - {fileID: 2686048563529513034}
  - {fileID: 6364505733885290172}
  - {fileID: 1497833905689515625}
  - {fileID: 3672140715286087145}
  - {fileID: 2557875845494944777}
  - {fileID: 2302363014739009496}
  - {fileID: 5675499676360442362}
  - {fileID: 9125961059472106857}
  - {fileID: 3642429198950922338}
  - {fileID: 5996469849769668883}
  - {fileID: 5432849139428034713}
  - {fileID: 8336330349473611969}
  - {fileID: 1696197085747521719}
  - {fileID: 3618878958756937427}
  - {fileID: 6999675680724880351}
  - {fileID: 4492301225231888578}
  - {fileID: 3444587999946854280}
  - {fileID: 1513378648457133222}
  - {fileID: 1046396657794472804}
  - {fileID: 6538825069397575522}
  - {fileID: 4596350421078283469}
  - {fileID: 693989368026194993}
  - {fileID: 1518705822116807772}
  - {fileID: 562592541274142820}
  - {fileID: 2883259130991507779}
  - {fileID: 3191756580081507769}
  - {fileID: 8775068401143176535}
  - {fileID: 5680137477096253716}
  - {fileID: 4197651189055452193}
  - {fileID: 3846280485195005855}
  - {fileID: 430806315168003242}
  - {fileID: 1375472497467260473}
  - {fileID: 491360961213625355}
  - {fileID: 7080798608757637934}
  - {fileID: 6482151955812507975}
  - {fileID: 1876031688508605698}
  - {fileID: 2483636921226643959}
  - {fileID: 1579497128905558750}
  - {fileID: 7952075485818154733}
  m_BlendShapeWeights: []
  m_RootBone: {fileID: 7148469316626742704}
  m_AABB:
    m_Center: {x: 0, y: 0.78608143, z: -0.09642452}
    m_Extent: {x: 0.30009043, y: 0.35082975, z: 0.443125}
  m_DirtyAABB: 0
--- !u!1 &8276136719936078736
GameObject:
  m_ObjectHideFlags: 0
  m_CorrespondingSourceObject: {fileID: 0}
  m_PrefabInstance: {fileID: 0}
  m_PrefabAsset: {fileID: 0}
  serializedVersion: 6
  m_Component:
  - component: {fileID: 2394495164823751156}
  - component: {fileID: 7808306307597008745}
  m_Layer: 0
  m_Name: beard3
  m_TagString: Untagged
  m_Icon: {fileID: 0}
  m_NavMeshLayer: 0
  m_StaticEditorFlags: 0
  m_IsActive: 1
--- !u!4 &2394495164823751156
Transform:
  m_ObjectHideFlags: 0
  m_CorrespondingSourceObject: {fileID: 0}
  m_PrefabInstance: {fileID: 0}
  m_PrefabAsset: {fileID: 0}
  m_GameObject: {fileID: 8276136719936078736}
  m_LocalRotation: {x: 0, y: 0, z: 0, w: 1}
  m_LocalPosition: {x: 0, y: 0, z: 0}
  m_LocalScale: {x: 1, y: 1, z: 1}
  m_Children: []
  m_Father: {fileID: 7051192876792677985}
  m_RootOrder: 0
  m_LocalEulerAnglesHint: {x: 0, y: 0, z: 0}
--- !u!137 &7808306307597008745
SkinnedMeshRenderer:
  m_ObjectHideFlags: 0
  m_CorrespondingSourceObject: {fileID: 0}
  m_PrefabInstance: {fileID: 0}
  m_PrefabAsset: {fileID: 0}
  m_GameObject: {fileID: 8276136719936078736}
  m_Enabled: 1
  m_CastShadows: 1
  m_ReceiveShadows: 1
  m_DynamicOccludee: 1
  m_MotionVectors: 1
  m_LightProbeUsage: 1
  m_ReflectionProbeUsage: 1
  m_RayTracingMode: 3
  m_RayTraceProcedural: 0
  m_RenderingLayerMask: 1
  m_RendererPriority: 0
  m_Materials:
  - {fileID: 2100000, guid: 0c0d6aac0ae3b49c0ac844214fa40e15, type: 2}
  m_StaticBatchInfo:
    firstSubMesh: 0
    subMeshCount: 0
  m_StaticBatchRoot: {fileID: 0}
  m_ProbeAnchor: {fileID: 0}
  m_LightProbeVolumeOverride: {fileID: 0}
  m_ScaleInLightmap: 1
  m_ReceiveGI: 1
  m_PreserveUVs: 0
  m_IgnoreNormalsForChartDetection: 0
  m_ImportantGI: 0
  m_StitchLightmapSeams: 1
  m_SelectedEditorRenderState: 3
  m_MinimumChartSize: 4
  m_AutoUVMaxDistance: 0.5
  m_AutoUVMaxAngle: 89
  m_LightmapParameters: {fileID: 0}
  m_SortingLayerID: 0
  m_SortingLayer: 0
  m_SortingOrder: 0
  serializedVersion: 2
  m_Quality: 0
  m_UpdateWhenOffscreen: 0
  m_SkinnedMotionVectors: 1
  m_Mesh: {fileID: 5599597467709658036, guid: cf33824849cccd6489ebc0de7decd683, type: 3}
  m_Bones:
  - {fileID: 7148469316626742704}
  - {fileID: 1337069402530874852}
  - {fileID: 7941313758143918123}
  - {fileID: 4820909545180977140}
  - {fileID: 4312259560654720103}
  - {fileID: 9177511322520323937}
  - {fileID: 7345562550210519252}
  - {fileID: 654052932662230416}
  - {fileID: 3137247397092111724}
  - {fileID: 5561997586796623494}
  - {fileID: 8062084745810916542}
  - {fileID: 4598665783210493556}
  - {fileID: 5823697082902411953}
  - {fileID: 2686048563529513034}
  - {fileID: 6364505733885290172}
  - {fileID: 1497833905689515625}
  - {fileID: 3672140715286087145}
  - {fileID: 2557875845494944777}
  - {fileID: 2302363014739009496}
  - {fileID: 5675499676360442362}
  - {fileID: 9125961059472106857}
  - {fileID: 3642429198950922338}
  - {fileID: 5996469849769668883}
  - {fileID: 5432849139428034713}
  - {fileID: 8336330349473611969}
  - {fileID: 1696197085747521719}
  - {fileID: 3618878958756937427}
  - {fileID: 6999675680724880351}
  - {fileID: 4492301225231888578}
  - {fileID: 3444587999946854280}
  - {fileID: 1513378648457133222}
  - {fileID: 1046396657794472804}
  - {fileID: 6538825069397575522}
  - {fileID: 4596350421078283469}
  - {fileID: 693989368026194993}
  - {fileID: 1518705822116807772}
  - {fileID: 562592541274142820}
  - {fileID: 2883259130991507779}
  - {fileID: 3191756580081507769}
  - {fileID: 8775068401143176535}
  - {fileID: 5680137477096253716}
  - {fileID: 4197651189055452193}
  - {fileID: 3846280485195005855}
  - {fileID: 430806315168003242}
  - {fileID: 1375472497467260473}
  - {fileID: 491360961213625355}
  - {fileID: 7080798608757637934}
  - {fileID: 6482151955812507975}
  - {fileID: 1876031688508605698}
  - {fileID: 2483636921226643959}
  - {fileID: 1579497128905558750}
  - {fileID: 7952075485818154733}
  m_BlendShapeWeights: []
  m_RootBone: {fileID: 7148469316626742704}
  m_AABB:
    m_Center: {x: 0, y: 0.3766721, z: 0.32550067}
    m_Extent: {x: 0.10554534, y: 0.055161357, z: 0.0544108}
  m_DirtyAABB: 0
--- !u!1 &8362706572065012262
GameObject:
  m_ObjectHideFlags: 0
  m_CorrespondingSourceObject: {fileID: 0}
  m_PrefabInstance: {fileID: 0}
  m_PrefabAsset: {fileID: 0}
  serializedVersion: 6
  m_Component:
  - component: {fileID: 4411063199830190304}
  - component: {fileID: 2220200563328257923}
  m_Layer: 0
  m_Name: sport_soccer_shoes
  m_TagString: Untagged
  m_Icon: {fileID: 0}
  m_NavMeshLayer: 0
  m_StaticEditorFlags: 0
  m_IsActive: 1
--- !u!4 &4411063199830190304
Transform:
  m_ObjectHideFlags: 0
  m_CorrespondingSourceObject: {fileID: 0}
  m_PrefabInstance: {fileID: 0}
  m_PrefabAsset: {fileID: 0}
  m_GameObject: {fileID: 8362706572065012262}
  m_LocalRotation: {x: 0, y: 0, z: 0, w: 1}
  m_LocalPosition: {x: 0, y: 0, z: 0}
  m_LocalScale: {x: 1, y: 1, z: 1}
  m_Children: []
  m_Father: {fileID: 7051192876792677985}
  m_RootOrder: 6
  m_LocalEulerAnglesHint: {x: 0, y: 0, z: 0}
--- !u!137 &2220200563328257923
SkinnedMeshRenderer:
  m_ObjectHideFlags: 0
  m_CorrespondingSourceObject: {fileID: 0}
  m_PrefabInstance: {fileID: 0}
  m_PrefabAsset: {fileID: 0}
  m_GameObject: {fileID: 8362706572065012262}
  m_Enabled: 1
  m_CastShadows: 1
  m_ReceiveShadows: 1
  m_DynamicOccludee: 1
  m_MotionVectors: 1
  m_LightProbeUsage: 1
  m_ReflectionProbeUsage: 1
  m_RayTracingMode: 3
  m_RayTraceProcedural: 0
  m_RenderingLayerMask: 1
  m_RendererPriority: 0
  m_Materials:
  - {fileID: 2100000, guid: 0c0d6aac0ae3b49c0ac844214fa40e15, type: 2}
  - {fileID: 2100000, guid: 13f8e0f0d40facf4cbb9541ce20e9566, type: 2}
  m_StaticBatchInfo:
    firstSubMesh: 0
    subMeshCount: 0
  m_StaticBatchRoot: {fileID: 0}
  m_ProbeAnchor: {fileID: 0}
  m_LightProbeVolumeOverride: {fileID: 0}
  m_ScaleInLightmap: 1
  m_ReceiveGI: 1
  m_PreserveUVs: 0
  m_IgnoreNormalsForChartDetection: 0
  m_ImportantGI: 0
  m_StitchLightmapSeams: 1
  m_SelectedEditorRenderState: 3
  m_MinimumChartSize: 4
  m_AutoUVMaxDistance: 0.5
  m_AutoUVMaxAngle: 89
  m_LightmapParameters: {fileID: 0}
  m_SortingLayerID: 0
  m_SortingLayer: 0
  m_SortingOrder: 0
  serializedVersion: 2
  m_Quality: 0
  m_UpdateWhenOffscreen: 0
  m_SkinnedMotionVectors: 1
  m_Mesh: {fileID: -8942799673954028249, guid: cf33824849cccd6489ebc0de7decd683, type: 3}
  m_Bones:
  - {fileID: 7148469316626742704}
  - {fileID: 1337069402530874852}
  - {fileID: 7941313758143918123}
  - {fileID: 4820909545180977140}
  - {fileID: 4312259560654720103}
  - {fileID: 9177511322520323937}
  - {fileID: 7345562550210519252}
  - {fileID: 654052932662230416}
  - {fileID: 3137247397092111724}
  - {fileID: 5561997586796623494}
  - {fileID: 8062084745810916542}
  - {fileID: 4598665783210493556}
  - {fileID: 5823697082902411953}
  - {fileID: 2686048563529513034}
  - {fileID: 6364505733885290172}
  - {fileID: 1497833905689515625}
  - {fileID: 3672140715286087145}
  - {fileID: 2557875845494944777}
  - {fileID: 2302363014739009496}
  - {fileID: 5675499676360442362}
  - {fileID: 9125961059472106857}
  - {fileID: 3642429198950922338}
  - {fileID: 5996469849769668883}
  - {fileID: 5432849139428034713}
  - {fileID: 8336330349473611969}
  - {fileID: 1696197085747521719}
  - {fileID: 3618878958756937427}
  - {fileID: 6999675680724880351}
  - {fileID: 4492301225231888578}
  - {fileID: 3444587999946854280}
  - {fileID: 1513378648457133222}
  - {fileID: 1046396657794472804}
  - {fileID: 6538825069397575522}
  - {fileID: 4596350421078283469}
  - {fileID: 693989368026194993}
  - {fileID: 1518705822116807772}
  - {fileID: 562592541274142820}
  - {fileID: 2883259130991507779}
  - {fileID: 3191756580081507769}
  - {fileID: 8775068401143176535}
  - {fileID: 5680137477096253716}
  - {fileID: 4197651189055452193}
  - {fileID: 3846280485195005855}
  - {fileID: 430806315168003242}
  - {fileID: 1375472497467260473}
  - {fileID: 491360961213625355}
  - {fileID: 7080798608757637934}
  - {fileID: 6482151955812507975}
  - {fileID: 1876031688508605698}
  - {fileID: 2483636921226643959}
  - {fileID: 1579497128905558750}
  - {fileID: 7952075485818154733}
  m_BlendShapeWeights: []
  m_RootBone: {fileID: 7148469316626742704}
  m_AABB:
    m_Center: {x: 0.000064752996, y: -0.61098546, z: 0.033512816}
    m_Extent: {x: 0.17424983, y: 0.1574657, z: 0.1744587}
  m_DirtyAABB: 0
--- !u!1 &8940777994878251415
GameObject:
  m_ObjectHideFlags: 0
  m_CorrespondingSourceObject: {fileID: 0}
  m_PrefabInstance: {fileID: 0}
  m_PrefabAsset: {fileID: 0}
  serializedVersion: 6
  m_Component:
  - component: {fileID: 693989368026194993}
  m_Layer: 0
  m_Name: RightHandIndex3
  m_TagString: Untagged
  m_Icon: {fileID: 0}
  m_NavMeshLayer: 0
  m_StaticEditorFlags: 0
  m_IsActive: 1
--- !u!4 &693989368026194993
Transform:
  m_ObjectHideFlags: 0
  m_CorrespondingSourceObject: {fileID: 0}
  m_PrefabInstance: {fileID: 0}
  m_PrefabAsset: {fileID: 0}
  m_GameObject: {fileID: 8940777994878251415}
  m_LocalRotation: {x: -0.10071719, y: -0.0047302227, z: -0.003458293, w: 0.99489784}
  m_LocalPosition: {x: 0.000000018626451, y: 0.043892063, z: -0.00000013795216}
  m_LocalScale: {x: 1, y: 1, z: 0.99999994}
  m_Children: []
  m_Father: {fileID: 4596350421078283469}
  m_RootOrder: 0
  m_LocalEulerAnglesHint: {x: 0, y: 0, z: 0}
--- !u!1 &9023075006455033990
GameObject:
  m_ObjectHideFlags: 0
  m_CorrespondingSourceObject: {fileID: 0}
  m_PrefabInstance: {fileID: 0}
  m_PrefabAsset: {fileID: 0}
  serializedVersion: 6
  m_Component:
  - component: {fileID: 7345562550210519252}
  m_Layer: 0
  m_Name: LeftShoulder
  m_TagString: Untagged
  m_Icon: {fileID: 0}
  m_NavMeshLayer: 0
  m_StaticEditorFlags: 0
  m_IsActive: 1
--- !u!4 &7345562550210519252
Transform:
  m_ObjectHideFlags: 0
  m_CorrespondingSourceObject: {fileID: 0}
  m_PrefabInstance: {fileID: 0}
  m_PrefabAsset: {fileID: 0}
  m_GameObject: {fileID: 9023075006455033990}
  m_LocalRotation: {x: 0.5793409, y: -0.4053961, z: 0.5771166, w: 0.40860093}
  m_LocalPosition: {x: -0.039960016, y: 0.06169488, z: 0.00009009056}
  m_LocalScale: {x: 0.9999999, y: 1, z: 1}
  m_Children:
  - {fileID: 654052932662230416}
  m_Father: {fileID: 4820909545180977140}
  m_RootOrder: 0
  m_LocalEulerAnglesHint: {x: 0, y: 0, z: 0}
