%YAML 1.1
%TAG !u! tag:unity3d.com,2011:
--- !u!1 &3893546840921216936
GameObject:
  m_ObjectHideFlags: 0
  m_CorrespondingSourceObject: {fileID: 0}
  m_PrefabInstance: {fileID: 0}
  m_PrefabAsset: {fileID: 0}
  serializedVersion: 6
  m_Component:
  - component: {fileID: 5861998316370119158}
  - component: {fileID: 7125722845201879532}
  - component: {fileID: 362704624498666146}
  - component: {fileID: 8577858511343522981}
  m_Layer: 5
  m_Name: window_SideButton
  m_TagString: Untagged
  m_Icon: {fileID: 0}
  m_NavMeshLayer: 0
  m_StaticEditorFlags: 0
  m_IsActive: 1
--- !u!224 &5861998316370119158
RectTransform:
  m_ObjectHideFlags: 0
  m_CorrespondingSourceObject: {fileID: 0}
  m_PrefabInstance: {fileID: 0}
  m_PrefabAsset: {fileID: 0}
  m_GameObject: {fileID: 3893546840921216936}
  m_LocalRotation: {x: 0, y: 0, z: 0, w: 1}
  m_LocalPosition: {x: 0, y: 0, z: 0}
  m_LocalScale: {x: 1, y: 1, z: 1}
  m_ConstrainProportionsScale: 0
  m_Children:
  - {fileID: 6597571974263581174}
  - {fileID: 6588231563998539090}
  m_Father: {fileID: 0}
  m_LocalEulerAnglesHint: {x: 0, y: 0, z: 0}
  m_AnchorMin: {x: 0, y: 0}
  m_AnchorMax: {x: 0, y: 0}
  m_AnchoredPosition: {x: 0, y: 0}
  m_SizeDelta: {x: 367, y: 88}
  m_Pivot: {x: 0.5, y: 0.5}
--- !u!222 &7125722845201879532
CanvasRenderer:
  m_ObjectHideFlags: 0
  m_CorrespondingSourceObject: {fileID: 0}
  m_PrefabInstance: {fileID: 0}
  m_PrefabAsset: {fileID: 0}
  m_GameObject: {fileID: 3893546840921216936}
  m_CullTransparentMesh: 1
--- !u!114 &362704624498666146
MonoBehaviour:
  m_ObjectHideFlags: 0
  m_CorrespondingSourceObject: {fileID: 0}
  m_PrefabInstance: {fileID: 0}
  m_PrefabAsset: {fileID: 0}
  m_GameObject: {fileID: 3893546840921216936}
  m_Enabled: 1
  m_EditorHideFlags: 0
  m_Script: {fileID: 11500000, guid: fe87c0e1cc204ed48ad3b37840f39efc, type: 3}
  m_Name: 
  m_EditorClassIdentifier: 
  m_Material: {fileID: 0}
  m_Color: {r: 1, g: 1, b: 1, a: 1}
  m_RaycastTarget: 1
  m_RaycastPadding: {x: 0, y: 0, z: 0, w: 0}
  m_Maskable: 1
  m_OnCullStateChanged:
    m_PersistentCalls:
      m_Calls: []
  m_Sprite: {fileID: 21300000, guid: b57e51bd172f10e4c818a023737c9e3d, type: 3}
  m_Type: 0
  m_PreserveAspect: 0
  m_FillCenter: 1
  m_FillMethod: 4
  m_FillAmount: 1
  m_FillClockwise: 1
  m_FillOrigin: 0
  m_UseSpriteMesh: 0
  m_PixelsPerUnitMultiplier: 1
--- !u!114 &8577858511343522981
MonoBehaviour:
  m_ObjectHideFlags: 0
  m_CorrespondingSourceObject: {fileID: 0}
  m_PrefabInstance: {fileID: 0}
  m_PrefabAsset: {fileID: 0}
  m_GameObject: {fileID: 3893546840921216936}
  m_Enabled: 1
  m_EditorHideFlags: 0
  m_Script: {fileID: 11500000, guid: 9085046f02f69544eb97fd06b6048fe2, type: 3}
  m_Name: 
  m_EditorClassIdentifier: 
  m_Navigation:
    m_Mode: 3
    m_WrapAround: 0
    m_SelectOnUp: {fileID: 0}
    m_SelectOnDown: {fileID: 0}
    m_SelectOnLeft: {fileID: 0}
    m_SelectOnRight: {fileID: 0}
  m_Transition: 1
  m_Colors:
    m_NormalColor: {r: 1, g: 1, b: 1, a: 1}
    m_HighlightedColor: {r: 0.9607843, g: 0.9607843, b: 0.9607843, a: 1}
    m_PressedColor: {r: 0.78431374, g: 0.78431374, b: 0.78431374, a: 1}
    m_SelectedColor: {r: 0.9607843, g: 0.9607843, b: 0.9607843, a: 1}
    m_DisabledColor: {r: 0.78431374, g: 0.78431374, b: 0.78431374, a: 0.5019608}
    m_ColorMultiplier: 1
    m_FadeDuration: 0.1
  m_SpriteState:
    m_HighlightedSprite: {fileID: 0}
    m_PressedSprite: {fileID: 0}
    m_SelectedSprite: {fileID: 0}
    m_DisabledSprite: {fileID: 0}
  m_AnimationTriggers:
    m_NormalTrigger: Normal
    m_HighlightedTrigger: Highlighted
    m_PressedTrigger: Pressed
    m_SelectedTrigger: Selected
    m_DisabledTrigger: Disabled
  m_Interactable: 1
  m_TargetGraphic: {fileID: 362704624498666146}
  toggleTransition: 1
  graphic: {fileID: 5889127170685190717}
  m_Group: {fileID: 0}
  onValueChanged:
    m_PersistentCalls:
      m_Calls: []
  m_IsOn: 0
--- !u!1 &6972356722275820370
GameObject:
  m_ObjectHideFlags: 0
  m_CorrespondingSourceObject: {fileID: 0}
  m_PrefabInstance: {fileID: 0}
  m_PrefabAsset: {fileID: 0}
  serializedVersion: 6
  m_Component:
  - component: {fileID: 6597571974263581174}
  - component: {fileID: 8429435953045104554}
  - component: {fileID: 5889127170685190717}
  m_Layer: 5
  m_Name: Checkmark
  m_TagString: Untagged
  m_Icon: {fileID: 0}
  m_NavMeshLayer: 0
  m_StaticEditorFlags: 0
  m_IsActive: 1
--- !u!224 &6597571974263581174
RectTransform:
  m_ObjectHideFlags: 0
  m_CorrespondingSourceObject: {fileID: 0}
  m_PrefabInstance: {fileID: 0}
  m_PrefabAsset: {fileID: 0}
  m_GameObject: {fileID: 6972356722275820370}
  m_LocalRotation: {x: 0, y: 0, z: 0, w: 1}
  m_LocalPosition: {x: 0, y: 0, z: 0}
  m_LocalScale: {x: 1, y: 1, z: 1}
  m_ConstrainProportionsScale: 0
  m_Children: []
  m_Father: {fileID: 5861998316370119158}
  m_LocalEulerAnglesHint: {x: 0, y: 0, z: 0}
  m_AnchorMin: {x: 0, y: 0}
  m_AnchorMax: {x: 1, y: 1}
  m_AnchoredPosition: {x: 0, y: 0}
  m_SizeDelta: {x: 0, y: 0}
  m_Pivot: {x: 0.5, y: 0.5}
--- !u!222 &8429435953045104554
CanvasRenderer:
  m_ObjectHideFlags: 0
  m_CorrespondingSourceObject: {fileID: 0}
  m_PrefabInstance: {fileID: 0}
  m_PrefabAsset: {fileID: 0}
  m_GameObject: {fileID: 6972356722275820370}
  m_CullTransparentMesh: 1
--- !u!114 &5889127170685190717
MonoBehaviour:
  m_ObjectHideFlags: 0
  m_CorrespondingSourceObject: {fileID: 0}
  m_PrefabInstance: {fileID: 0}
  m_PrefabAsset: {fileID: 0}
  m_GameObject: {fileID: 6972356722275820370}
  m_Enabled: 1
  m_EditorHideFlags: 0
  m_Script: {fileID: 11500000, guid: fe87c0e1cc204ed48ad3b37840f39efc, type: 3}
  m_Name: 
  m_EditorClassIdentifier: 
  m_Material: {fileID: 0}
  m_Color: {r: 1, g: 1, b: 1, a: 1}
  m_RaycastTarget: 0
  m_RaycastPadding: {x: 0, y: 0, z: 0, w: 0}
  m_Maskable: 1
  m_OnCullStateChanged:
    m_PersistentCalls:
      m_Calls: []
  m_Sprite: {fileID: 21300000, guid: 0a26f8579b2b4b243b183a7b4e09be64, type: 3}
  m_Type: 0
  m_PreserveAspect: 0
  m_FillCenter: 1
  m_FillMethod: 4
  m_FillAmount: 1
  m_FillClockwise: 1
  m_FillOrigin: 0
  m_UseSpriteMesh: 0
  m_PixelsPerUnitMultiplier: 1
--- !u!1001 &7609266531545070695
PrefabInstance:
  m_ObjectHideFlags: 0
  serializedVersion: 2
  m_Modification:
    serializedVersion: 3
    m_TransformParent: {fileID: 5861998316370119158}
    m_Modifications:
    - target: {fileID: 3672564738017268021, guid: fb8453e1289803047a29871e63466e9b, type: 3}
      propertyPath: m_Pivot.x
      value: 0.5
      objectReference: {fileID: 0}
    - target: {fileID: 3672564738017268021, guid: fb8453e1289803047a29871e63466e9b, type: 3}
      propertyPath: m_Pivot.y
      value: 0.5
      objectReference: {fileID: 0}
    - target: {fileID: 3672564738017268021, guid: fb8453e1289803047a29871e63466e9b, type: 3}
      propertyPath: m_AnchorMax.x
      value: 0.5
      objectReference: {fileID: 0}
    - target: {fileID: 3672564738017268021, guid: fb8453e1289803047a29871e63466e9b, type: 3}
      propertyPath: m_AnchorMax.y
      value: 0.5
      objectReference: {fileID: 0}
    - target: {fileID: 3672564738017268021, guid: fb8453e1289803047a29871e63466e9b, type: 3}
      propertyPath: m_AnchorMin.x
      value: 0.5
      objectReference: {fileID: 0}
    - target: {fileID: 3672564738017268021, guid: fb8453e1289803047a29871e63466e9b, type: 3}
      propertyPath: m_AnchorMin.y
      value: 0.5
      objectReference: {fileID: 0}
    - target: {fileID: 3672564738017268021, guid: fb8453e1289803047a29871e63466e9b, type: 3}
      propertyPath: m_SizeDelta.x
      value: 288
      objectReference: {fileID: 0}
    - target: {fileID: 3672564738017268021, guid: fb8453e1289803047a29871e63466e9b, type: 3}
      propertyPath: m_SizeDelta.y
      value: 30
      objectReference: {fileID: 0}
    - target: {fileID: 3672564738017268021, guid: fb8453e1289803047a29871e63466e9b, type: 3}
      propertyPath: m_LocalPosition.x
      value: 0
      objectReference: {fileID: 0}
    - target: {fileID: 3672564738017268021, guid: fb8453e1289803047a29871e63466e9b, type: 3}
      propertyPath: m_LocalPosition.y
      value: 0
      objectReference: {fileID: 0}
    - target: {fileID: 3672564738017268021, guid: fb8453e1289803047a29871e63466e9b, type: 3}
      propertyPath: m_LocalPosition.z
      value: 0
      objectReference: {fileID: 0}
    - target: {fileID: 3672564738017268021, guid: fb8453e1289803047a29871e63466e9b, type: 3}
      propertyPath: m_LocalRotation.w
      value: 1
      objectReference: {fileID: 0}
    - target: {fileID: 3672564738017268021, guid: fb8453e1289803047a29871e63466e9b, type: 3}
      propertyPath: m_LocalRotation.x
      value: -0
      objectReference: {fileID: 0}
    - target: {fileID: 3672564738017268021, guid: fb8453e1289803047a29871e63466e9b, type: 3}
      propertyPath: m_LocalRotation.y
      value: -0
      objectReference: {fileID: 0}
    - target: {fileID: 3672564738017268021, guid: fb8453e1289803047a29871e63466e9b, type: 3}
      propertyPath: m_LocalRotation.z
      value: -0
      objectReference: {fileID: 0}
    - target: {fileID: 3672564738017268021, guid: fb8453e1289803047a29871e63466e9b, type: 3}
      propertyPath: m_AnchoredPosition.x
      value: 0
      objectReference: {fileID: 0}
    - target: {fileID: 3672564738017268021, guid: fb8453e1289803047a29871e63466e9b, type: 3}
      propertyPath: m_AnchoredPosition.y
      value: 0
      objectReference: {fileID: 0}
    - target: {fileID: 3672564738017268021, guid: fb8453e1289803047a29871e63466e9b, type: 3}
      propertyPath: m_LocalEulerAnglesHint.x
      value: 0
      objectReference: {fileID: 0}
    - target: {fileID: 3672564738017268021, guid: fb8453e1289803047a29871e63466e9b, type: 3}
      propertyPath: m_LocalEulerAnglesHint.y
      value: 0
      objectReference: {fileID: 0}
    - target: {fileID: 3672564738017268021, guid: fb8453e1289803047a29871e63466e9b, type: 3}
      propertyPath: m_LocalEulerAnglesHint.z
      value: 0
      objectReference: {fileID: 0}
    - target: {fileID: 6316723457967745111, guid: fb8453e1289803047a29871e63466e9b, type: 3}
      propertyPath: m_Name
      value: TC_28
      objectReference: {fileID: 0}
    - target: {fileID: 8328285126308548023, guid: fb8453e1289803047a29871e63466e9b, type: 3}
      propertyPath: m_Text
      value: "\u6559\u5B78\u6A19\u984C\n"
      objectReference: {fileID: 0}
    - target: {fileID: 8328285126308548023, guid: fb8453e1289803047a29871e63466e9b, type: 3}
      propertyPath: m_Color.b
      value: 0.56078434
      objectReference: {fileID: 0}
    - target: {fileID: 8328285126308548023, guid: fb8453e1289803047a29871e63466e9b, type: 3}
      propertyPath: m_Color.g
      value: 0.39215687
      objectReference: {fileID: 0}
    - target: {fileID: 8328285126308548023, guid: fb8453e1289803047a29871e63466e9b, type: 3}
      propertyPath: m_Color.r
      value: 0.34509805
      objectReference: {fileID: 0}
    - target: {fileID: 8328285126308548023, guid: fb8453e1289803047a29871e63466e9b, type: 3}
      propertyPath: m_RaycastTarget
      value: 0
      objectReference: {fileID: 0}
    - target: {fileID: 8328285126308548023, guid: fb8453e1289803047a29871e63466e9b, type: 3}
      propertyPath: m_FontData.m_Font
      value: 
      objectReference: {fileID: 12800000, guid: a80f246c6463d524e9b36b3e6236eea5, type: 3}
    - target: {fileID: 8328285126308548023, guid: fb8453e1289803047a29871e63466e9b, type: 3}
      propertyPath: m_FontData.m_BestFit
      value: 1
      objectReference: {fileID: 0}
    - target: {fileID: 8328285126308548023, guid: fb8453e1289803047a29871e63466e9b, type: 3}
      propertyPath: m_FontData.m_MaxSize
      value: 28
      objectReference: {fileID: 0}
    - target: {fileID: 8328285126308548023, guid: fb8453e1289803047a29871e63466e9b, type: 3}
      propertyPath: m_FontData.m_MinSize
      value: 24
      objectReference: {fileID: 0}
    - target: {fileID: 8328285126308548023, guid: fb8453e1289803047a29871e63466e9b, type: 3}
      propertyPath: m_FontData.m_RichText
      value: 0
      objectReference: {fileID: 0}
    - target: {fileID: 8328285126308548023, guid: fb8453e1289803047a29871e63466e9b, type: 3}
      propertyPath: m_FontData.m_Alignment
      value: 1
      objectReference: {fileID: 0}
    m_RemovedComponents: []
    m_RemovedGameObjects: []
    m_AddedGameObjects: []
    m_AddedComponents:
    - targetCorrespondingSourceObject: {fileID: 6316723457967745111, guid: fb8453e1289803047a29871e63466e9b, type: 3}
      insertIndex: -1
      addedObject: {fileID: 5329138890096221256}
  m_SourcePrefab: {fileID: 100100000, guid: fb8453e1289803047a29871e63466e9b, type: 3}
--- !u!1 &4481091648428201008 stripped
GameObject:
  m_CorrespondingSourceObject: {fileID: 6316723457967745111, guid: fb8453e1289803047a29871e63466e9b, type: 3}
  m_PrefabInstance: {fileID: 7609266531545070695}
  m_PrefabAsset: {fileID: 0}
--- !u!114 &5329138890096221256
MonoBehaviour:
  m_ObjectHideFlags: 0
  m_CorrespondingSourceObject: {fileID: 0}
  m_PrefabInstance: {fileID: 0}
  m_PrefabAsset: {fileID: 0}
  m_GameObject: {fileID: 4481091648428201008}
  m_Enabled: 1
  m_EditorHideFlags: 0
  m_Script: {fileID: 11500000, guid: fb3a3a2cb4f5f3a4c96e67fd4ef2ddea, type: 3}
  m_Name: 
  m_EditorClassIdentifier: 
  _text: {fileID: 0}
  _letterSpacing: {fileID: 0}
  _override:
  - Language: 2
    Size: {x: 0, y: 0}
    LetterSpacing: 0
    FontSize: 28
--- !u!224 &6588231563998539090 stripped
RectTransform:
  m_CorrespondingSourceObject: {fileID: 3672564738017268021, guid: fb8453e1289803047a29871e63466e9b, type: 3}
  m_PrefabInstance: {fileID: 7609266531545070695}
  m_PrefabAsset: {fileID: 0}
