%YAML 1.1
%TAG !u! tag:unity3d.com,2011:
--- !u!1 &350932928105411097
GameObject:
  m_ObjectHideFlags: 0
  m_CorrespondingSourceObject: {fileID: 0}
  m_PrefabInstance: {fileID: 0}
  m_PrefabAsset: {fileID: 0}
  serializedVersion: 6
  m_Component:
  - component: {fileID: 2597259211804333334}
  - component: {fileID: 4560870898404459137}
  - component: {fileID: 6008230463586769656}
  - component: {fileID: 2493572317555807542}
  m_Layer: 5
  m_Name: BG
  m_TagString: Untagged
  m_Icon: {fileID: 0}
  m_NavMeshLayer: 0
  m_StaticEditorFlags: 0
  m_IsActive: 1
--- !u!224 &2597259211804333334
RectTransform:
  m_ObjectHideFlags: 0
  m_CorrespondingSourceObject: {fileID: 0}
  m_PrefabInstance: {fileID: 0}
  m_PrefabAsset: {fileID: 0}
  m_GameObject: {fileID: 350932928105411097}
  m_LocalRotation: {x: -0, y: -0, z: -0, w: 1}
  m_LocalPosition: {x: 0, y: 0, z: 0}
  m_LocalScale: {x: 1, y: 1, z: 1}
  m_ConstrainProportionsScale: 0
  m_Children: []
  m_Father: {fileID: 6375418103439463616}
  m_LocalEulerAnglesHint: {x: 0, y: 0, z: 0}
  m_AnchorMin: {x: 0, y: 0}
  m_AnchorMax: {x: 1, y: 1}
  m_AnchoredPosition: {x: 0, y: 0}
  m_SizeDelta: {x: 0, y: 0}
  m_Pivot: {x: 0.5, y: 0.5}
--- !u!222 &4560870898404459137
CanvasRenderer:
  m_ObjectHideFlags: 0
  m_CorrespondingSourceObject: {fileID: 0}
  m_PrefabInstance: {fileID: 0}
  m_PrefabAsset: {fileID: 0}
  m_GameObject: {fileID: 350932928105411097}
  m_CullTransparentMesh: 1
--- !u!114 &6008230463586769656
MonoBehaviour:
  m_ObjectHideFlags: 0
  m_CorrespondingSourceObject: {fileID: 0}
  m_PrefabInstance: {fileID: 0}
  m_PrefabAsset: {fileID: 0}
  m_GameObject: {fileID: 350932928105411097}
  m_Enabled: 1
  m_EditorHideFlags: 0
  m_Script: {fileID: 11500000, guid: 41f1c5417c9d7ab4b84e531f83f60a4b, type: 3}
  m_Name: 
  m_EditorClassIdentifier: 
  m_Material: {fileID: 0}
  m_Color: {r: 0.9686275, g: 0.9803922, b: 1, a: 1}
  m_RaycastTarget: 1
  m_RaycastPadding: {x: 0, y: 0, z: 0, w: 0}
  m_Maskable: 1
  m_OnCullStateChanged:
    m_PersistentCalls:
      m_Calls: []
  m_Sprite: {fileID: 21300000, guid: 3f91331724a9da84197e9b6d94f0483c, type: 3}
  m_Type: 0
  m_PreserveAspect: 0
  m_FillCenter: 1
  m_FillMethod: 4
  m_FillAmount: 1
  m_FillClockwise: 1
  m_FillOrigin: 0
  m_UseSpriteMesh: 0
  m_PixelsPerUnitMultiplier: 1
  borderWidth: 0
  falloffDistance: 1
--- !u!114 &2493572317555807542
MonoBehaviour:
  m_ObjectHideFlags: 0
  m_CorrespondingSourceObject: {fileID: 0}
  m_PrefabInstance: {fileID: 0}
  m_PrefabAsset: {fileID: 0}
  m_GameObject: {fileID: 350932928105411097}
  m_Enabled: 1
  m_EditorHideFlags: 0
  m_Script: {fileID: 11500000, guid: 68356c3764ad390429ddad9e48ce8c31, type: 3}
  m_Name: 
  m_EditorClassIdentifier: 
  radius: {x: 20, y: 20, z: 20, w: 20}
--- !u!1 &1801209750696203965
GameObject:
  m_ObjectHideFlags: 0
  m_CorrespondingSourceObject: {fileID: 0}
  m_PrefabInstance: {fileID: 0}
  m_PrefabAsset: {fileID: 0}
  serializedVersion: 6
  m_Component:
  - component: {fileID: 6375418103439463616}
  - component: {fileID: 6005856252950753303}
  - component: {fileID: 2537135977370621834}
  - component: {fileID: 8445460441689392670}
  - component: {fileID: 1853227178311964092}
  m_Layer: 5
  m_Name: 2.4_panel_2
  m_TagString: Untagged
  m_Icon: {fileID: 0}
  m_NavMeshLayer: 0
  m_StaticEditorFlags: 0
  m_IsActive: 1
--- !u!224 &6375418103439463616
RectTransform:
  m_ObjectHideFlags: 0
  m_CorrespondingSourceObject: {fileID: 0}
  m_PrefabInstance: {fileID: 0}
  m_PrefabAsset: {fileID: 0}
  m_GameObject: {fileID: 1801209750696203965}
  m_LocalRotation: {x: 0, y: 0, z: 0, w: 1}
  m_LocalPosition: {x: 0, y: 0, z: 0}
  m_LocalScale: {x: 1, y: 1, z: 1}
  m_ConstrainProportionsScale: 0
  m_Children:
  - {fileID: 2597259211804333334}
  - {fileID: 7964082659594222914}
  - {fileID: 1865074866914383054}
  m_Father: {fileID: 0}
  m_LocalEulerAnglesHint: {x: 0, y: 0, z: 0}
  m_AnchorMin: {x: 0.5, y: 0.5}
  m_AnchorMax: {x: 0.5, y: 0.5}
  m_AnchoredPosition: {x: 0, y: 0}
  m_SizeDelta: {x: 112, y: 40}
  m_Pivot: {x: 0.5, y: 0.5}
--- !u!222 &6005856252950753303
CanvasRenderer:
  m_ObjectHideFlags: 0
  m_CorrespondingSourceObject: {fileID: 0}
  m_PrefabInstance: {fileID: 0}
  m_PrefabAsset: {fileID: 0}
  m_GameObject: {fileID: 1801209750696203965}
  m_CullTransparentMesh: 1
--- !u!114 &2537135977370621834
MonoBehaviour:
  m_ObjectHideFlags: 0
  m_CorrespondingSourceObject: {fileID: 0}
  m_PrefabInstance: {fileID: 0}
  m_PrefabAsset: {fileID: 0}
  m_GameObject: {fileID: 1801209750696203965}
  m_Enabled: 1
  m_EditorHideFlags: 0
  m_Script: {fileID: 11500000, guid: 41f1c5417c9d7ab4b84e531f83f60a4b, type: 3}
  m_Name: 
  m_EditorClassIdentifier: 
  m_Material: {fileID: 0}
  m_Color: {r: 0.36027053, g: 0.36027053, b: 0.6509434, a: 1}
  m_RaycastTarget: 1
  m_RaycastPadding: {x: 0, y: 0, z: 0, w: 0}
  m_Maskable: 1
  m_OnCullStateChanged:
    m_PersistentCalls:
      m_Calls: []
  m_Sprite: {fileID: 21300000, guid: 3f91331724a9da84197e9b6d94f0483c, type: 3}
  m_Type: 0
  m_PreserveAspect: 0
  m_FillCenter: 1
  m_FillMethod: 4
  m_FillAmount: 1
  m_FillClockwise: 1
  m_FillOrigin: 0
  m_UseSpriteMesh: 0
  m_PixelsPerUnitMultiplier: 1
  borderWidth: 2
  falloffDistance: 1
--- !u!114 &8445460441689392670
MonoBehaviour:
  m_ObjectHideFlags: 0
  m_CorrespondingSourceObject: {fileID: 0}
  m_PrefabInstance: {fileID: 0}
  m_PrefabAsset: {fileID: 0}
  m_GameObject: {fileID: 1801209750696203965}
  m_Enabled: 1
  m_EditorHideFlags: 0
  m_Script: {fileID: 11500000, guid: 68356c3764ad390429ddad9e48ce8c31, type: 3}
  m_Name: 
  m_EditorClassIdentifier: 
  radius: {x: 20, y: 20, z: 20, w: 20}
--- !u!114 &1853227178311964092
MonoBehaviour:
  m_ObjectHideFlags: 0
  m_CorrespondingSourceObject: {fileID: 0}
  m_PrefabInstance: {fileID: 0}
  m_PrefabAsset: {fileID: 0}
  m_GameObject: {fileID: 1801209750696203965}
  m_Enabled: 1
  m_EditorHideFlags: 0
  m_Script: {fileID: 11500000, guid: 52c162dc854d2f24fa639ba0623de5ef, type: 3}
  m_Name: 
  m_EditorClassIdentifier: 
  size: 8
  spread: 0.32
  useGlobalAngle: 0
  offsetAngle: 90
  offsetDistance: 0
  offset: {x: 0, y: -0}
  color: {r: 0, g: 0, b: 0, a: 1}
  inset: 0
  blendMode: 0
  useCasterAlpha: 1
  ignoreCasterColor: 0
  colorBleedMode: 2
  disableFitCompensation: 0
  shadowAsSibling: 0
  cutout: 0
  baked: 0
  modifiedFromInspector: 0
  bakedShadows: []
--- !u!1 &7091624566439108869
GameObject:
  m_ObjectHideFlags: 0
  m_CorrespondingSourceObject: {fileID: 0}
  m_PrefabInstance: {fileID: 0}
  m_PrefabAsset: {fileID: 0}
  serializedVersion: 6
  m_Component:
  - component: {fileID: 7964082659594222914}
  - component: {fileID: 6279578628177202998}
  - component: {fileID: 6788078716723455466}
  m_Layer: 5
  m_Name: icon
  m_TagString: Untagged
  m_Icon: {fileID: 0}
  m_NavMeshLayer: 0
  m_StaticEditorFlags: 0
  m_IsActive: 1
--- !u!224 &7964082659594222914
RectTransform:
  m_ObjectHideFlags: 0
  m_CorrespondingSourceObject: {fileID: 0}
  m_PrefabInstance: {fileID: 0}
  m_PrefabAsset: {fileID: 0}
  m_GameObject: {fileID: 7091624566439108869}
  m_LocalRotation: {x: 0, y: 0, z: 0, w: 1}
  m_LocalPosition: {x: 0, y: 0, z: 0}
  m_LocalScale: {x: 1, y: 1, z: 1}
  m_ConstrainProportionsScale: 0
  m_Children: []
  m_Father: {fileID: 6375418103439463616}
  m_LocalEulerAnglesHint: {x: 0, y: 0, z: 0}
  m_AnchorMin: {x: 0, y: 0.5}
  m_AnchorMax: {x: 0, y: 0.5}
  m_AnchoredPosition: {x: 10, y: 0}
  m_SizeDelta: {x: 32, y: 32}
  m_Pivot: {x: 0, y: 0.5}
--- !u!222 &6279578628177202998
CanvasRenderer:
  m_ObjectHideFlags: 0
  m_CorrespondingSourceObject: {fileID: 0}
  m_PrefabInstance: {fileID: 0}
  m_PrefabAsset: {fileID: 0}
  m_GameObject: {fileID: 7091624566439108869}
  m_CullTransparentMesh: 1
--- !u!114 &6788078716723455466
MonoBehaviour:
  m_ObjectHideFlags: 0
  m_CorrespondingSourceObject: {fileID: 0}
  m_PrefabInstance: {fileID: 0}
  m_PrefabAsset: {fileID: 0}
  m_GameObject: {fileID: 7091624566439108869}
  m_Enabled: 1
  m_EditorHideFlags: 0
  m_Script: {fileID: 11500000, guid: 44478c2d3a3820243906032b3fbfff7a, type: 3}
  m_Name: 
  m_EditorClassIdentifier: 
  m_Material: {fileID: 0}
  m_Color: {r: 1, g: 1, b: 1, a: 1}
  m_RaycastTarget: 0
  m_RaycastPadding: {x: 0, y: 0, z: 0, w: 0}
  m_Maskable: 0
  m_OnCullStateChanged:
    m_PersistentCalls:
      m_Calls: []
  m_Sprite: {fileID: 0}
  m_Type: 0
  m_PreserveAspect: 0
  m_FillCenter: 1
  m_FillMethod: 4
  m_FillAmount: 1
  m_FillClockwise: 1
  m_FillOrigin: 0
  m_UseSpriteMesh: 0
  m_PixelsPerUnitMultiplier: 1
  _spriteAtlas: {fileID: 4343727234628468602, guid: a24b1dc7959b56f4db0b213bd7c015e6, type: 2}
  _spriteName: icon_stamina
--- !u!1001 &8064455369582478337
PrefabInstance:
  m_ObjectHideFlags: 0
  serializedVersion: 2
  m_Modification:
    serializedVersion: 3
    m_TransformParent: {fileID: 6375418103439463616}
    m_Modifications:
    - target: {fileID: 3157030144079678818, guid: f48fa8ae191861b43baa35da97d7a7d3, type: 3}
      propertyPath: _spacing
      value: 4
      objectReference: {fileID: 0}
    - target: {fileID: 3430518188620924469, guid: f48fa8ae191861b43baa35da97d7a7d3, type: 3}
      propertyPath: m_Text
      value: -10
      objectReference: {fileID: 0}
    - target: {fileID: 3430518188620924469, guid: f48fa8ae191861b43baa35da97d7a7d3, type: 3}
      propertyPath: m_Color.b
      value: 0.52156866
      objectReference: {fileID: 0}
    - target: {fileID: 3430518188620924469, guid: f48fa8ae191861b43baa35da97d7a7d3, type: 3}
      propertyPath: m_Color.g
      value: 0.45882353
      objectReference: {fileID: 0}
    - target: {fileID: 3430518188620924469, guid: f48fa8ae191861b43baa35da97d7a7d3, type: 3}
      propertyPath: m_Color.r
      value: 1
      objectReference: {fileID: 0}
    - target: {fileID: 3430518188620924469, guid: f48fa8ae191861b43baa35da97d7a7d3, type: 3}
      propertyPath: m_FontData.m_Alignment
      value: 5
      objectReference: {fileID: 0}
    - target: {fileID: 4271349442603631177, guid: f48fa8ae191861b43baa35da97d7a7d3, type: 3}
      propertyPath: m_Name
      value: TC_24
      objectReference: {fileID: 0}
    - target: {fileID: 8505224762287739087, guid: f48fa8ae191861b43baa35da97d7a7d3, type: 3}
      propertyPath: m_Pivot.x
      value: 1
      objectReference: {fileID: 0}
    - target: {fileID: 8505224762287739087, guid: f48fa8ae191861b43baa35da97d7a7d3, type: 3}
      propertyPath: m_Pivot.y
      value: 0.5
      objectReference: {fileID: 0}
    - target: {fileID: 8505224762287739087, guid: f48fa8ae191861b43baa35da97d7a7d3, type: 3}
      propertyPath: m_RootOrder
      value: -1
      objectReference: {fileID: 0}
    - target: {fileID: 8505224762287739087, guid: f48fa8ae191861b43baa35da97d7a7d3, type: 3}
      propertyPath: m_AnchorMax.x
      value: 1
      objectReference: {fileID: 0}
    - target: {fileID: 8505224762287739087, guid: f48fa8ae191861b43baa35da97d7a7d3, type: 3}
      propertyPath: m_AnchorMax.y
      value: 0.5
      objectReference: {fileID: 0}
    - target: {fileID: 8505224762287739087, guid: f48fa8ae191861b43baa35da97d7a7d3, type: 3}
      propertyPath: m_AnchorMin.x
      value: 1
      objectReference: {fileID: 0}
    - target: {fileID: 8505224762287739087, guid: f48fa8ae191861b43baa35da97d7a7d3, type: 3}
      propertyPath: m_AnchorMin.y
      value: 0.5
      objectReference: {fileID: 0}
    - target: {fileID: 8505224762287739087, guid: f48fa8ae191861b43baa35da97d7a7d3, type: 3}
      propertyPath: m_SizeDelta.x
      value: 64
      objectReference: {fileID: 0}
    - target: {fileID: 8505224762287739087, guid: f48fa8ae191861b43baa35da97d7a7d3, type: 3}
      propertyPath: m_SizeDelta.y
      value: 24
      objectReference: {fileID: 0}
    - target: {fileID: 8505224762287739087, guid: f48fa8ae191861b43baa35da97d7a7d3, type: 3}
      propertyPath: m_LocalPosition.x
      value: 0
      objectReference: {fileID: 0}
    - target: {fileID: 8505224762287739087, guid: f48fa8ae191861b43baa35da97d7a7d3, type: 3}
      propertyPath: m_LocalPosition.y
      value: 0
      objectReference: {fileID: 0}
    - target: {fileID: 8505224762287739087, guid: f48fa8ae191861b43baa35da97d7a7d3, type: 3}
      propertyPath: m_LocalPosition.z
      value: 0
      objectReference: {fileID: 0}
    - target: {fileID: 8505224762287739087, guid: f48fa8ae191861b43baa35da97d7a7d3, type: 3}
      propertyPath: m_LocalRotation.w
      value: 1
      objectReference: {fileID: 0}
    - target: {fileID: 8505224762287739087, guid: f48fa8ae191861b43baa35da97d7a7d3, type: 3}
      propertyPath: m_LocalRotation.x
      value: 0
      objectReference: {fileID: 0}
    - target: {fileID: 8505224762287739087, guid: f48fa8ae191861b43baa35da97d7a7d3, type: 3}
      propertyPath: m_LocalRotation.y
      value: 0
      objectReference: {fileID: 0}
    - target: {fileID: 8505224762287739087, guid: f48fa8ae191861b43baa35da97d7a7d3, type: 3}
      propertyPath: m_LocalRotation.z
      value: 0
      objectReference: {fileID: 0}
    - target: {fileID: 8505224762287739087, guid: f48fa8ae191861b43baa35da97d7a7d3, type: 3}
      propertyPath: m_AnchoredPosition.x
      value: -10
      objectReference: {fileID: 0}
    - target: {fileID: 8505224762287739087, guid: f48fa8ae191861b43baa35da97d7a7d3, type: 3}
      propertyPath: m_AnchoredPosition.y
      value: 0
      objectReference: {fileID: 0}
    - target: {fileID: 8505224762287739087, guid: f48fa8ae191861b43baa35da97d7a7d3, type: 3}
      propertyPath: m_LocalEulerAnglesHint.x
      value: 0
      objectReference: {fileID: 0}
    - target: {fileID: 8505224762287739087, guid: f48fa8ae191861b43baa35da97d7a7d3, type: 3}
      propertyPath: m_LocalEulerAnglesHint.y
      value: 0
      objectReference: {fileID: 0}
    - target: {fileID: 8505224762287739087, guid: f48fa8ae191861b43baa35da97d7a7d3, type: 3}
      propertyPath: m_LocalEulerAnglesHint.z
      value: 0
      objectReference: {fileID: 0}
    m_RemovedComponents: []
    m_RemovedGameObjects: []
    m_AddedGameObjects: []
    m_AddedComponents: []
  m_SourcePrefab: {fileID: 100100000, guid: f48fa8ae191861b43baa35da97d7a7d3, type: 3}
--- !u!224 &1865074866914383054 stripped
RectTransform:
  m_CorrespondingSourceObject: {fileID: 8505224762287739087, guid: f48fa8ae191861b43baa35da97d7a7d3, type: 3}
  m_PrefabInstance: {fileID: 8064455369582478337}
  m_PrefabAsset: {fileID: 0}
