%YAML 1.1
%TAG !u! tag:unity3d.com,2011:
--- !u!1 &2413844246156505198
GameObject:
  m_ObjectHideFlags: 0
  m_CorrespondingSourceObject: {fileID: 0}
  m_PrefabInstance: {fileID: 0}
  m_PrefabAsset: {fileID: 0}
  serializedVersion: 6
  m_Component:
  - component: {fileID: 4549164587496697773}
  - component: {fileID: 359749165430323854}
  - component: {fileID: 3200710575645814013}
  m_Layer: 5
  m_Name: Image
  m_TagString: Untagged
  m_Icon: {fileID: 0}
  m_NavMeshLayer: 0
  m_StaticEditorFlags: 0
  m_IsActive: 1
--- !u!224 &4549164587496697773
RectTransform:
  m_ObjectHideFlags: 0
  m_CorrespondingSourceObject: {fileID: 0}
  m_PrefabInstance: {fileID: 0}
  m_PrefabAsset: {fileID: 0}
  m_GameObject: {fileID: 2413844246156505198}
  m_LocalRotation: {x: 0, y: 0, z: 0, w: 1}
  m_LocalPosition: {x: 0, y: 0, z: 0}
  m_LocalScale: {x: 1, y: 1, z: 1}
  m_ConstrainProportionsScale: 0
  m_Children: []
  m_Father: {fileID: 1326460588800976915}
  m_RootOrder: -1
  m_LocalEulerAnglesHint: {x: 0, y: 0, z: 0}
  m_AnchorMin: {x: 0.5, y: 0.5}
  m_AnchorMax: {x: 0.5, y: 0.5}
  m_AnchoredPosition: {x: 0, y: 0}
  m_SizeDelta: {x: 224, y: 160}
  m_Pivot: {x: 0.5, y: 0.5}
--- !u!222 &359749165430323854
CanvasRenderer:
  m_ObjectHideFlags: 0
  m_CorrespondingSourceObject: {fileID: 0}
  m_PrefabInstance: {fileID: 0}
  m_PrefabAsset: {fileID: 0}
  m_GameObject: {fileID: 2413844246156505198}
  m_CullTransparentMesh: 1
--- !u!114 &3200710575645814013
MonoBehaviour:
  m_ObjectHideFlags: 0
  m_CorrespondingSourceObject: {fileID: 0}
  m_PrefabInstance: {fileID: 0}
  m_PrefabAsset: {fileID: 0}
  m_GameObject: {fileID: 2413844246156505198}
  m_Enabled: 1
  m_EditorHideFlags: 0
  m_Script: {fileID: 11500000, guid: fe87c0e1cc204ed48ad3b37840f39efc, type: 3}
  m_Name: 
  m_EditorClassIdentifier: 
  m_Material: {fileID: 0}
  m_Color: {r: 1, g: 1, b: 1, a: 1}
  m_RaycastTarget: 1
  m_RaycastPadding: {x: 0, y: 0, z: 0, w: 0}
  m_Maskable: 1
  m_OnCullStateChanged:
    m_PersistentCalls:
      m_Calls: []
  m_Sprite: {fileID: 21300000, guid: ae9412e8d18d030409a1b1615a21cafa, type: 3}
  m_Type: 0
  m_PreserveAspect: 0
  m_FillCenter: 1
  m_FillMethod: 4
  m_FillAmount: 1
  m_FillClockwise: 1
  m_FillOrigin: 0
  m_UseSpriteMesh: 0
  m_PixelsPerUnitMultiplier: 1
--- !u!1 &8509297178510044202
GameObject:
  m_ObjectHideFlags: 0
  m_CorrespondingSourceObject: {fileID: 0}
  m_PrefabInstance: {fileID: 0}
  m_PrefabAsset: {fileID: 0}
  serializedVersion: 6
  m_Component:
  - component: {fileID: 1326460588800976915}
  m_Layer: 5
  m_Name: round
  m_TagString: Untagged
  m_Icon: {fileID: 0}
  m_NavMeshLayer: 0
  m_StaticEditorFlags: 0
  m_IsActive: 1
--- !u!224 &1326460588800976915
RectTransform:
  m_ObjectHideFlags: 0
  m_CorrespondingSourceObject: {fileID: 0}
  m_PrefabInstance: {fileID: 0}
  m_PrefabAsset: {fileID: 0}
  m_GameObject: {fileID: 8509297178510044202}
  m_LocalRotation: {x: 0, y: 0, z: 0, w: 1}
  m_LocalPosition: {x: 0, y: 0, z: 0}
  m_LocalScale: {x: 1, y: 1, z: 1}
  m_ConstrainProportionsScale: 0
  m_Children:
  - {fileID: 4549164587496697773}
  - {fileID: 6818899902958910166}
  - {fileID: 2326543667051046771}
  m_Father: {fileID: 0}
  m_RootOrder: -1
  m_LocalEulerAnglesHint: {x: 0, y: 0, z: 0}
  m_AnchorMin: {x: 0.5, y: 0.5}
  m_AnchorMax: {x: 0.5, y: 0.5}
  m_AnchoredPosition: {x: 0, y: 0}
  m_SizeDelta: {x: 225, y: 161}
  m_Pivot: {x: 0.5, y: 0.5}
--- !u!1001 &3770381093711688645
PrefabInstance:
  m_ObjectHideFlags: 0
  serializedVersion: 2
  m_Modification:
    serializedVersion: 3
    m_TransformParent: {fileID: 1326460588800976915}
    m_Modifications:
    - target: {fileID: 5310736482209571178, guid: 352eadd8d418b0c41861304373c597ef, type: 3}
      propertyPath: m_Name
      value: TC_22
      objectReference: {fileID: 0}
    - target: {fileID: 7706376899303770387, guid: 352eadd8d418b0c41861304373c597ef, type: 3}
      propertyPath: m_Pivot.x
      value: 0.5
      objectReference: {fileID: 0}
    - target: {fileID: 7706376899303770387, guid: 352eadd8d418b0c41861304373c597ef, type: 3}
      propertyPath: m_Pivot.y
      value: 1
      objectReference: {fileID: 0}
    - target: {fileID: 7706376899303770387, guid: 352eadd8d418b0c41861304373c597ef, type: 3}
      propertyPath: m_RootOrder
      value: -1
      objectReference: {fileID: 0}
    - target: {fileID: 7706376899303770387, guid: 352eadd8d418b0c41861304373c597ef, type: 3}
      propertyPath: m_AnchorMax.x
      value: 0.5
      objectReference: {fileID: 0}
    - target: {fileID: 7706376899303770387, guid: 352eadd8d418b0c41861304373c597ef, type: 3}
      propertyPath: m_AnchorMax.y
      value: 1
      objectReference: {fileID: 0}
    - target: {fileID: 7706376899303770387, guid: 352eadd8d418b0c41861304373c597ef, type: 3}
      propertyPath: m_AnchorMin.x
      value: 0.5
      objectReference: {fileID: 0}
    - target: {fileID: 7706376899303770387, guid: 352eadd8d418b0c41861304373c597ef, type: 3}
      propertyPath: m_AnchorMin.y
      value: 1
      objectReference: {fileID: 0}
    - target: {fileID: 7706376899303770387, guid: 352eadd8d418b0c41861304373c597ef, type: 3}
      propertyPath: m_SizeDelta.x
      value: 160
      objectReference: {fileID: 0}
    - target: {fileID: 7706376899303770387, guid: 352eadd8d418b0c41861304373c597ef, type: 3}
      propertyPath: m_SizeDelta.y
      value: 22
      objectReference: {fileID: 0}
    - target: {fileID: 7706376899303770387, guid: 352eadd8d418b0c41861304373c597ef, type: 3}
      propertyPath: m_LocalPosition.x
      value: 0
      objectReference: {fileID: 0}
    - target: {fileID: 7706376899303770387, guid: 352eadd8d418b0c41861304373c597ef, type: 3}
      propertyPath: m_LocalPosition.y
      value: 0
      objectReference: {fileID: 0}
    - target: {fileID: 7706376899303770387, guid: 352eadd8d418b0c41861304373c597ef, type: 3}
      propertyPath: m_LocalPosition.z
      value: 0
      objectReference: {fileID: 0}
    - target: {fileID: 7706376899303770387, guid: 352eadd8d418b0c41861304373c597ef, type: 3}
      propertyPath: m_LocalRotation.w
      value: 1
      objectReference: {fileID: 0}
    - target: {fileID: 7706376899303770387, guid: 352eadd8d418b0c41861304373c597ef, type: 3}
      propertyPath: m_LocalRotation.x
      value: -0
      objectReference: {fileID: 0}
    - target: {fileID: 7706376899303770387, guid: 352eadd8d418b0c41861304373c597ef, type: 3}
      propertyPath: m_LocalRotation.y
      value: -0
      objectReference: {fileID: 0}
    - target: {fileID: 7706376899303770387, guid: 352eadd8d418b0c41861304373c597ef, type: 3}
      propertyPath: m_LocalRotation.z
      value: -0
      objectReference: {fileID: 0}
    - target: {fileID: 7706376899303770387, guid: 352eadd8d418b0c41861304373c597ef, type: 3}
      propertyPath: m_AnchoredPosition.x
      value: 0
      objectReference: {fileID: 0}
    - target: {fileID: 7706376899303770387, guid: 352eadd8d418b0c41861304373c597ef, type: 3}
      propertyPath: m_AnchoredPosition.y
      value: -20
      objectReference: {fileID: 0}
    - target: {fileID: 7706376899303770387, guid: 352eadd8d418b0c41861304373c597ef, type: 3}
      propertyPath: m_LocalEulerAnglesHint.x
      value: 0
      objectReference: {fileID: 0}
    - target: {fileID: 7706376899303770387, guid: 352eadd8d418b0c41861304373c597ef, type: 3}
      propertyPath: m_LocalEulerAnglesHint.y
      value: 0
      objectReference: {fileID: 0}
    - target: {fileID: 7706376899303770387, guid: 352eadd8d418b0c41861304373c597ef, type: 3}
      propertyPath: m_LocalEulerAnglesHint.z
      value: 0
      objectReference: {fileID: 0}
    - target: {fileID: 8342536449787533883, guid: 352eadd8d418b0c41861304373c597ef, type: 3}
      propertyPath: m_Text
      value: "\u7576\u524D\u56DE\u5408"
      objectReference: {fileID: 0}
    - target: {fileID: 8342536449787533883, guid: 352eadd8d418b0c41861304373c597ef, type: 3}
      propertyPath: m_Color.b
      value: 1
      objectReference: {fileID: 0}
    - target: {fileID: 8342536449787533883, guid: 352eadd8d418b0c41861304373c597ef, type: 3}
      propertyPath: m_Color.g
      value: 0.7921569
      objectReference: {fileID: 0}
    - target: {fileID: 8342536449787533883, guid: 352eadd8d418b0c41861304373c597ef, type: 3}
      propertyPath: m_Color.r
      value: 0.972549
      objectReference: {fileID: 0}
    m_RemovedComponents: []
    m_RemovedGameObjects: []
    m_AddedGameObjects: []
    m_AddedComponents: []
  m_SourcePrefab: {fileID: 100100000, guid: 352eadd8d418b0c41861304373c597ef, type: 3}
--- !u!224 &6818899902958910166 stripped
RectTransform:
  m_CorrespondingSourceObject: {fileID: 7706376899303770387, guid: 352eadd8d418b0c41861304373c597ef, type: 3}
  m_PrefabInstance: {fileID: 3770381093711688645}
  m_PrefabAsset: {fileID: 0}
--- !u!1001 &4295947635449442927
PrefabInstance:
  m_ObjectHideFlags: 0
  serializedVersion: 2
  m_Modification:
    serializedVersion: 3
    m_TransformParent: {fileID: 1326460588800976915}
    m_Modifications:
    - target: {fileID: 2006299476295652636, guid: b972df23e1a827b4d83139ee50a8b409, type: 3}
      propertyPath: m_Pivot.x
      value: 0.5
      objectReference: {fileID: 0}
    - target: {fileID: 2006299476295652636, guid: b972df23e1a827b4d83139ee50a8b409, type: 3}
      propertyPath: m_Pivot.y
      value: 1
      objectReference: {fileID: 0}
    - target: {fileID: 2006299476295652636, guid: b972df23e1a827b4d83139ee50a8b409, type: 3}
      propertyPath: m_RootOrder
      value: -1
      objectReference: {fileID: 0}
    - target: {fileID: 2006299476295652636, guid: b972df23e1a827b4d83139ee50a8b409, type: 3}
      propertyPath: m_AnchorMax.x
      value: 0.5
      objectReference: {fileID: 0}
    - target: {fileID: 2006299476295652636, guid: b972df23e1a827b4d83139ee50a8b409, type: 3}
      propertyPath: m_AnchorMax.y
      value: 1
      objectReference: {fileID: 0}
    - target: {fileID: 2006299476295652636, guid: b972df23e1a827b4d83139ee50a8b409, type: 3}
      propertyPath: m_AnchorMin.x
      value: 0.5
      objectReference: {fileID: 0}
    - target: {fileID: 2006299476295652636, guid: b972df23e1a827b4d83139ee50a8b409, type: 3}
      propertyPath: m_AnchorMin.y
      value: 1
      objectReference: {fileID: 0}
    - target: {fileID: 2006299476295652636, guid: b972df23e1a827b4d83139ee50a8b409, type: 3}
      propertyPath: m_SizeDelta.x
      value: 72
      objectReference: {fileID: 0}
    - target: {fileID: 2006299476295652636, guid: b972df23e1a827b4d83139ee50a8b409, type: 3}
      propertyPath: m_SizeDelta.y
      value: 72
      objectReference: {fileID: 0}
    - target: {fileID: 2006299476295652636, guid: b972df23e1a827b4d83139ee50a8b409, type: 3}
      propertyPath: m_LocalPosition.x
      value: 0
      objectReference: {fileID: 0}
    - target: {fileID: 2006299476295652636, guid: b972df23e1a827b4d83139ee50a8b409, type: 3}
      propertyPath: m_LocalPosition.y
      value: 0
      objectReference: {fileID: 0}
    - target: {fileID: 2006299476295652636, guid: b972df23e1a827b4d83139ee50a8b409, type: 3}
      propertyPath: m_LocalPosition.z
      value: 0
      objectReference: {fileID: 0}
    - target: {fileID: 2006299476295652636, guid: b972df23e1a827b4d83139ee50a8b409, type: 3}
      propertyPath: m_LocalRotation.w
      value: 1
      objectReference: {fileID: 0}
    - target: {fileID: 2006299476295652636, guid: b972df23e1a827b4d83139ee50a8b409, type: 3}
      propertyPath: m_LocalRotation.x
      value: -0
      objectReference: {fileID: 0}
    - target: {fileID: 2006299476295652636, guid: b972df23e1a827b4d83139ee50a8b409, type: 3}
      propertyPath: m_LocalRotation.y
      value: -0
      objectReference: {fileID: 0}
    - target: {fileID: 2006299476295652636, guid: b972df23e1a827b4d83139ee50a8b409, type: 3}
      propertyPath: m_LocalRotation.z
      value: -0
      objectReference: {fileID: 0}
    - target: {fileID: 2006299476295652636, guid: b972df23e1a827b4d83139ee50a8b409, type: 3}
      propertyPath: m_AnchoredPosition.x
      value: 0
      objectReference: {fileID: 0}
    - target: {fileID: 2006299476295652636, guid: b972df23e1a827b4d83139ee50a8b409, type: 3}
      propertyPath: m_AnchoredPosition.y
      value: -52
      objectReference: {fileID: 0}
    - target: {fileID: 2006299476295652636, guid: b972df23e1a827b4d83139ee50a8b409, type: 3}
      propertyPath: m_LocalEulerAnglesHint.x
      value: 0
      objectReference: {fileID: 0}
    - target: {fileID: 2006299476295652636, guid: b972df23e1a827b4d83139ee50a8b409, type: 3}
      propertyPath: m_LocalEulerAnglesHint.y
      value: 0
      objectReference: {fileID: 0}
    - target: {fileID: 2006299476295652636, guid: b972df23e1a827b4d83139ee50a8b409, type: 3}
      propertyPath: m_LocalEulerAnglesHint.z
      value: 0
      objectReference: {fileID: 0}
    - target: {fileID: 4253948179669133739, guid: b972df23e1a827b4d83139ee50a8b409, type: 3}
      propertyPath: m_Text
      value: 1
      objectReference: {fileID: 0}
    - target: {fileID: 4253948179669133739, guid: b972df23e1a827b4d83139ee50a8b409, type: 3}
      propertyPath: m_Color.b
      value: 1
      objectReference: {fileID: 0}
    - target: {fileID: 4253948179669133739, guid: b972df23e1a827b4d83139ee50a8b409, type: 3}
      propertyPath: m_Color.g
      value: 1
      objectReference: {fileID: 0}
    - target: {fileID: 4253948179669133739, guid: b972df23e1a827b4d83139ee50a8b409, type: 3}
      propertyPath: m_Color.r
      value: 1
      objectReference: {fileID: 0}
    - target: {fileID: 4253948179669133739, guid: b972df23e1a827b4d83139ee50a8b409, type: 3}
      propertyPath: m_FontData.m_MaxSize
      value: 80
      objectReference: {fileID: 0}
    - target: {fileID: 4253948179669133739, guid: b972df23e1a827b4d83139ee50a8b409, type: 3}
      propertyPath: m_FontData.m_FontSize
      value: 72
      objectReference: {fileID: 0}
    - target: {fileID: 6604199271899455357, guid: b972df23e1a827b4d83139ee50a8b409, type: 3}
      propertyPath: m_Name
      value: TC_64
      objectReference: {fileID: 0}
    m_RemovedComponents: []
    m_RemovedGameObjects: []
    m_AddedGameObjects: []
    m_AddedComponents: []
  m_SourcePrefab: {fileID: 100100000, guid: b972df23e1a827b4d83139ee50a8b409, type: 3}
--- !u!224 &2326543667051046771 stripped
RectTransform:
  m_CorrespondingSourceObject: {fileID: 2006299476295652636, guid: b972df23e1a827b4d83139ee50a8b409, type: 3}
  m_PrefabInstance: {fileID: 4295947635449442927}
  m_PrefabAsset: {fileID: 0}
