%YAML 1.1
%TAG !u! tag:unity3d.com,2011:
--- !u!1 &829230762364114443
GameObject:
  m_ObjectHideFlags: 0
  m_CorrespondingSourceObject: {fileID: 0}
  m_PrefabInstance: {fileID: 0}
  m_PrefabAsset: {fileID: 0}
  serializedVersion: 6
  m_Component:
  - component: {fileID: 4287623442949063911}
  - component: {fileID: 813233594194301862}
  - component: {fileID: 5510431809862553293}
  - component: {fileID: 6568779693689505332}
  m_Layer: 5
  m_Name: label
  m_TagString: Untagged
  m_Icon: {fileID: 0}
  m_NavMeshLayer: 0
  m_StaticEditorFlags: 0
  m_IsActive: 1
--- !u!224 &4287623442949063911
RectTransform:
  m_ObjectHideFlags: 0
  m_CorrespondingSourceObject: {fileID: 0}
  m_PrefabInstance: {fileID: 0}
  m_PrefabAsset: {fileID: 0}
  m_GameObject: {fileID: 829230762364114443}
  m_LocalRotation: {x: 0, y: 0, z: 0, w: 1}
  m_LocalPosition: {x: 0, y: 0, z: 0}
  m_LocalScale: {x: 1, y: 1, z: 1}
  m_ConstrainProportionsScale: 0
  m_Children: []
  m_Father: {fileID: 5814586847842332548}
  m_LocalEulerAnglesHint: {x: 0, y: 0, z: 0}
  m_AnchorMin: {x: 0, y: 0.5}
  m_AnchorMax: {x: 0, y: 0.5}
  m_AnchoredPosition: {x: 8, y: 0}
  m_SizeDelta: {x: 6, y: 24}
  m_Pivot: {x: 0, y: 0.5}
--- !u!222 &813233594194301862
CanvasRenderer:
  m_ObjectHideFlags: 0
  m_CorrespondingSourceObject: {fileID: 0}
  m_PrefabInstance: {fileID: 0}
  m_PrefabAsset: {fileID: 0}
  m_GameObject: {fileID: 829230762364114443}
  m_CullTransparentMesh: 1
--- !u!114 &5510431809862553293
MonoBehaviour:
  m_ObjectHideFlags: 0
  m_CorrespondingSourceObject: {fileID: 0}
  m_PrefabInstance: {fileID: 0}
  m_PrefabAsset: {fileID: 0}
  m_GameObject: {fileID: 829230762364114443}
  m_Enabled: 1
  m_EditorHideFlags: 0
  m_Script: {fileID: 11500000, guid: 41f1c5417c9d7ab4b84e531f83f60a4b, type: 3}
  m_Name: 
  m_EditorClassIdentifier: 
  m_Material: {fileID: 0}
  m_Color: {r: 0.25584427, g: 0.8301887, b: 0.6952756, a: 1}
  m_RaycastTarget: 1
  m_RaycastPadding: {x: 0, y: 0, z: 0, w: 0}
  m_Maskable: 1
  m_OnCullStateChanged:
    m_PersistentCalls:
      m_Calls: []
  m_Sprite: {fileID: 21300000, guid: 3f91331724a9da84197e9b6d94f0483c, type: 3}
  m_Type: 0
  m_PreserveAspect: 0
  m_FillCenter: 1
  m_FillMethod: 4
  m_FillAmount: 1
  m_FillClockwise: 1
  m_FillOrigin: 0
  m_UseSpriteMesh: 0
  m_PixelsPerUnitMultiplier: 1
  borderWidth: 0
  falloffDistance: 1
--- !u!114 &6568779693689505332
MonoBehaviour:
  m_ObjectHideFlags: 0
  m_CorrespondingSourceObject: {fileID: 0}
  m_PrefabInstance: {fileID: 0}
  m_PrefabAsset: {fileID: 0}
  m_GameObject: {fileID: 829230762364114443}
  m_Enabled: 1
  m_EditorHideFlags: 0
  m_Script: {fileID: 11500000, guid: 68356c3764ad390429ddad9e48ce8c31, type: 3}
  m_Name: 
  m_EditorClassIdentifier: 
  radius: {x: 4, y: 4, z: 4, w: 4}
--- !u!1 &2040483944841687521
GameObject:
  m_ObjectHideFlags: 0
  m_CorrespondingSourceObject: {fileID: 0}
  m_PrefabInstance: {fileID: 0}
  m_PrefabAsset: {fileID: 0}
  serializedVersion: 6
  m_Component:
  - component: {fileID: 5814586847842332548}
  - component: {fileID: 8348067218374747156}
  - component: {fileID: 2142873200954779615}
  - component: {fileID: 4694577132718419785}
  m_Layer: 5
  m_Name: Name
  m_TagString: Untagged
  m_Icon: {fileID: 0}
  m_NavMeshLayer: 0
  m_StaticEditorFlags: 0
  m_IsActive: 1
--- !u!224 &5814586847842332548
RectTransform:
  m_ObjectHideFlags: 0
  m_CorrespondingSourceObject: {fileID: 0}
  m_PrefabInstance: {fileID: 0}
  m_PrefabAsset: {fileID: 0}
  m_GameObject: {fileID: 2040483944841687521}
  m_LocalRotation: {x: 0, y: 0, z: 0, w: 1}
  m_LocalPosition: {x: 0, y: 0, z: 0}
  m_LocalScale: {x: 1, y: 1, z: 1}
  m_ConstrainProportionsScale: 0
  m_Children:
  - {fileID: 4287623442949063911}
  - {fileID: 8518119019294225772}
  m_Father: {fileID: 7293110897485292623}
  m_LocalEulerAnglesHint: {x: 0, y: 0, z: 0}
  m_AnchorMin: {x: 0, y: 1}
  m_AnchorMax: {x: 0, y: 1}
  m_AnchoredPosition: {x: 0, y: -19.5}
  m_SizeDelta: {x: 262, y: 40}
  m_Pivot: {x: 0, y: 1}
--- !u!222 &8348067218374747156
CanvasRenderer:
  m_ObjectHideFlags: 0
  m_CorrespondingSourceObject: {fileID: 0}
  m_PrefabInstance: {fileID: 0}
  m_PrefabAsset: {fileID: 0}
  m_GameObject: {fileID: 2040483944841687521}
  m_CullTransparentMesh: 1
--- !u!114 &2142873200954779615
MonoBehaviour:
  m_ObjectHideFlags: 0
  m_CorrespondingSourceObject: {fileID: 0}
  m_PrefabInstance: {fileID: 0}
  m_PrefabAsset: {fileID: 0}
  m_GameObject: {fileID: 2040483944841687521}
  m_Enabled: 1
  m_EditorHideFlags: 0
  m_Script: {fileID: 11500000, guid: 41f1c5417c9d7ab4b84e531f83f60a4b, type: 3}
  m_Name: 
  m_EditorClassIdentifier: 
  m_Material: {fileID: 0}
  m_Color: {r: 0.07793399, g: 0.26689824, b: 0.3490566, a: 1}
  m_RaycastTarget: 1
  m_RaycastPadding: {x: 0, y: 0, z: 0, w: 0}
  m_Maskable: 1
  m_OnCullStateChanged:
    m_PersistentCalls:
      m_Calls: []
  m_Sprite: {fileID: 21300000, guid: 3f91331724a9da84197e9b6d94f0483c, type: 3}
  m_Type: 0
  m_PreserveAspect: 0
  m_FillCenter: 1
  m_FillMethod: 4
  m_FillAmount: 1
  m_FillClockwise: 1
  m_FillOrigin: 0
  m_UseSpriteMesh: 0
  m_PixelsPerUnitMultiplier: 1
  borderWidth: 0
  falloffDistance: 1
--- !u!114 &4694577132718419785
MonoBehaviour:
  m_ObjectHideFlags: 0
  m_CorrespondingSourceObject: {fileID: 0}
  m_PrefabInstance: {fileID: 0}
  m_PrefabAsset: {fileID: 0}
  m_GameObject: {fileID: 2040483944841687521}
  m_Enabled: 1
  m_EditorHideFlags: 0
  m_Script: {fileID: 11500000, guid: 68356c3764ad390429ddad9e48ce8c31, type: 3}
  m_Name: 
  m_EditorClassIdentifier: 
  radius: {x: 4, y: 4, z: 20, w: 4}
--- !u!1 &2398683708280711680
GameObject:
  m_ObjectHideFlags: 0
  m_CorrespondingSourceObject: {fileID: 0}
  m_PrefabInstance: {fileID: 0}
  m_PrefabAsset: {fileID: 0}
  serializedVersion: 6
  m_Component:
  - component: {fileID: 1947150421978106069}
  - component: {fileID: 2363005399072897486}
  - component: {fileID: 8199344389987163364}
  m_Layer: 5
  m_Name: Panel
  m_TagString: Untagged
  m_Icon: {fileID: 0}
  m_NavMeshLayer: 0
  m_StaticEditorFlags: 0
  m_IsActive: 1
--- !u!224 &1947150421978106069
RectTransform:
  m_ObjectHideFlags: 0
  m_CorrespondingSourceObject: {fileID: 0}
  m_PrefabInstance: {fileID: 0}
  m_PrefabAsset: {fileID: 0}
  m_GameObject: {fileID: 2398683708280711680}
  m_LocalRotation: {x: 0, y: 0, z: 0, w: 1}
  m_LocalPosition: {x: 0, y: 0, z: 0}
  m_LocalScale: {x: 1, y: 1, z: 1}
  m_ConstrainProportionsScale: 0
  m_Children:
  - {fileID: 4422337086462435602}
  - {fileID: 2836799237682869996}
  - {fileID: 4081146255118187965}
  - {fileID: 782627964046831736}
  - {fileID: 257909695482085732}
  m_Father: {fileID: 7293110897485292623}
  m_LocalEulerAnglesHint: {x: 0, y: 0, z: 0}
  m_AnchorMin: {x: 0, y: 0}
  m_AnchorMax: {x: 1, y: 1}
  m_AnchoredPosition: {x: 0, y: 0}
  m_SizeDelta: {x: 0, y: 0}
  m_Pivot: {x: 0.5, y: 0.5}
--- !u!222 &2363005399072897486
CanvasRenderer:
  m_ObjectHideFlags: 0
  m_CorrespondingSourceObject: {fileID: 0}
  m_PrefabInstance: {fileID: 0}
  m_PrefabAsset: {fileID: 0}
  m_GameObject: {fileID: 2398683708280711680}
  m_CullTransparentMesh: 1
--- !u!114 &8199344389987163364
MonoBehaviour:
  m_ObjectHideFlags: 0
  m_CorrespondingSourceObject: {fileID: 0}
  m_PrefabInstance: {fileID: 0}
  m_PrefabAsset: {fileID: 0}
  m_GameObject: {fileID: 2398683708280711680}
  m_Enabled: 1
  m_EditorHideFlags: 0
  m_Script: {fileID: 11500000, guid: fe87c0e1cc204ed48ad3b37840f39efc, type: 3}
  m_Name: 
  m_EditorClassIdentifier: 
  m_Material: {fileID: 0}
  m_Color: {r: 1, g: 1, b: 1, a: 1}
  m_RaycastTarget: 0
  m_RaycastPadding: {x: 0, y: 0, z: 0, w: 0}
  m_Maskable: 0
  m_OnCullStateChanged:
    m_PersistentCalls:
      m_Calls: []
  m_Sprite: {fileID: 21300000, guid: aa879418d09756b4f9988fc62fd1ea9b, type: 3}
  m_Type: 1
  m_PreserveAspect: 0
  m_FillCenter: 1
  m_FillMethod: 4
  m_FillAmount: 1
  m_FillClockwise: 1
  m_FillOrigin: 0
  m_UseSpriteMesh: 0
  m_PixelsPerUnitMultiplier: 1
--- !u!1 &3036045826001873913
GameObject:
  m_ObjectHideFlags: 0
  m_CorrespondingSourceObject: {fileID: 0}
  m_PrefabInstance: {fileID: 0}
  m_PrefabAsset: {fileID: 0}
  serializedVersion: 6
  m_Component:
  - component: {fileID: 8694407033433329609}
  - component: {fileID: 4525207948283333763}
  - component: {fileID: 3196578705610466741}
  - component: {fileID: 6650796721708329151}
  m_Layer: 5
  m_Name: icon
  m_TagString: Untagged
  m_Icon: {fileID: 0}
  m_NavMeshLayer: 0
  m_StaticEditorFlags: 0
  m_IsActive: 1
--- !u!224 &8694407033433329609
RectTransform:
  m_ObjectHideFlags: 0
  m_CorrespondingSourceObject: {fileID: 0}
  m_PrefabInstance: {fileID: 0}
  m_PrefabAsset: {fileID: 0}
  m_GameObject: {fileID: 3036045826001873913}
  m_LocalRotation: {x: 0, y: 0, z: 0.38268343, w: 0.92387956}
  m_LocalPosition: {x: 0, y: 0, z: 0}
  m_LocalScale: {x: 1, y: 1, z: 1}
  m_ConstrainProportionsScale: 0
  m_Children: []
  m_Father: {fileID: 782627964046831736}
  m_LocalEulerAnglesHint: {x: 0, y: 0, z: 45}
  m_AnchorMin: {x: 0, y: 0.5}
  m_AnchorMax: {x: 0, y: 0.5}
  m_AnchoredPosition: {x: 6.4, y: -4.8}
  m_SizeDelta: {x: 12, y: 12}
  m_Pivot: {x: 0, y: 0.5}
--- !u!222 &4525207948283333763
CanvasRenderer:
  m_ObjectHideFlags: 0
  m_CorrespondingSourceObject: {fileID: 0}
  m_PrefabInstance: {fileID: 0}
  m_PrefabAsset: {fileID: 0}
  m_GameObject: {fileID: 3036045826001873913}
  m_CullTransparentMesh: 1
--- !u!114 &3196578705610466741
MonoBehaviour:
  m_ObjectHideFlags: 0
  m_CorrespondingSourceObject: {fileID: 0}
  m_PrefabInstance: {fileID: 0}
  m_PrefabAsset: {fileID: 0}
  m_GameObject: {fileID: 3036045826001873913}
  m_Enabled: 1
  m_EditorHideFlags: 0
  m_Script: {fileID: 11500000, guid: 41f1c5417c9d7ab4b84e531f83f60a4b, type: 3}
  m_Name: 
  m_EditorClassIdentifier: 
  m_Material: {fileID: 0}
  m_Color: {r: 0.74509805, g: 0.3161097, b: 0, a: 1}
  m_RaycastTarget: 0
  m_RaycastPadding: {x: 0, y: 0, z: 0, w: 0}
  m_Maskable: 1
  m_OnCullStateChanged:
    m_PersistentCalls:
      m_Calls: []
  m_Sprite: {fileID: 21300000, guid: 3f91331724a9da84197e9b6d94f0483c, type: 3}
  m_Type: 0
  m_PreserveAspect: 0
  m_FillCenter: 1
  m_FillMethod: 4
  m_FillAmount: 1
  m_FillClockwise: 1
  m_FillOrigin: 0
  m_UseSpriteMesh: 0
  m_PixelsPerUnitMultiplier: 1
  borderWidth: 0
  falloffDistance: 1
--- !u!114 &6650796721708329151
MonoBehaviour:
  m_ObjectHideFlags: 0
  m_CorrespondingSourceObject: {fileID: 0}
  m_PrefabInstance: {fileID: 0}
  m_PrefabAsset: {fileID: 0}
  m_GameObject: {fileID: 3036045826001873913}
  m_Enabled: 1
  m_EditorHideFlags: 0
  m_Script: {fileID: 11500000, guid: 68356c3764ad390429ddad9e48ce8c31, type: 3}
  m_Name: 
  m_EditorClassIdentifier: 
  radius: {x: 1, y: 1, z: 1, w: 1}
--- !u!1 &3200504459816316555
GameObject:
  m_ObjectHideFlags: 0
  m_CorrespondingSourceObject: {fileID: 0}
  m_PrefabInstance: {fileID: 0}
  m_PrefabAsset: {fileID: 0}
  serializedVersion: 6
  m_Component:
  - component: {fileID: 796598762426611258}
  - component: {fileID: 7579331178229189076}
  - component: {fileID: 5378324233184157676}
  - component: {fileID: 7918157777885707402}
  m_Layer: 5
  m_Name: Button
  m_TagString: Untagged
  m_Icon: {fileID: 0}
  m_NavMeshLayer: 0
  m_StaticEditorFlags: 0
  m_IsActive: 0
--- !u!224 &796598762426611258
RectTransform:
  m_ObjectHideFlags: 0
  m_CorrespondingSourceObject: {fileID: 0}
  m_PrefabInstance: {fileID: 0}
  m_PrefabAsset: {fileID: 0}
  m_GameObject: {fileID: 3200504459816316555}
  m_LocalRotation: {x: 0, y: 0, z: 0, w: 1}
  m_LocalPosition: {x: 0, y: 0, z: 0}
  m_LocalScale: {x: 1, y: 1, z: 1}
  m_ConstrainProportionsScale: 0
  m_Children: []
  m_Father: {fileID: 7293110897485292623}
  m_LocalEulerAnglesHint: {x: 0, y: 0, z: 0}
  m_AnchorMin: {x: 1, y: 0}
  m_AnchorMax: {x: 1, y: 0}
  m_AnchoredPosition: {x: -21, y: 19.601562}
  m_SizeDelta: {x: 40, y: 32}
  m_Pivot: {x: 1, y: 0}
--- !u!222 &7579331178229189076
CanvasRenderer:
  m_ObjectHideFlags: 0
  m_CorrespondingSourceObject: {fileID: 0}
  m_PrefabInstance: {fileID: 0}
  m_PrefabAsset: {fileID: 0}
  m_GameObject: {fileID: 3200504459816316555}
  m_CullTransparentMesh: 1
--- !u!114 &5378324233184157676
MonoBehaviour:
  m_ObjectHideFlags: 0
  m_CorrespondingSourceObject: {fileID: 0}
  m_PrefabInstance: {fileID: 0}
  m_PrefabAsset: {fileID: 0}
  m_GameObject: {fileID: 3200504459816316555}
  m_Enabled: 1
  m_EditorHideFlags: 0
  m_Script: {fileID: 11500000, guid: fe87c0e1cc204ed48ad3b37840f39efc, type: 3}
  m_Name: 
  m_EditorClassIdentifier: 
  m_Material: {fileID: 0}
  m_Color: {r: 1, g: 1, b: 1, a: 1}
  m_RaycastTarget: 1
  m_RaycastPadding: {x: 0, y: 0, z: 0, w: 0}
  m_Maskable: 1
  m_OnCullStateChanged:
    m_PersistentCalls:
      m_Calls: []
  m_Sprite: {fileID: 21300000, guid: 00e2e07305d8e3e43b570583a19e33d8, type: 3}
  m_Type: 0
  m_PreserveAspect: 0
  m_FillCenter: 1
  m_FillMethod: 4
  m_FillAmount: 1
  m_FillClockwise: 1
  m_FillOrigin: 0
  m_UseSpriteMesh: 0
  m_PixelsPerUnitMultiplier: 1
--- !u!114 &7918157777885707402
MonoBehaviour:
  m_ObjectHideFlags: 0
  m_CorrespondingSourceObject: {fileID: 0}
  m_PrefabInstance: {fileID: 0}
  m_PrefabAsset: {fileID: 0}
  m_GameObject: {fileID: 3200504459816316555}
  m_Enabled: 1
  m_EditorHideFlags: 0
  m_Script: {fileID: 11500000, guid: 4e29b1a8efbd4b44bb3f3716e73f07ff, type: 3}
  m_Name: 
  m_EditorClassIdentifier: 
  m_Navigation:
    m_Mode: 3
    m_WrapAround: 0
    m_SelectOnUp: {fileID: 0}
    m_SelectOnDown: {fileID: 0}
    m_SelectOnLeft: {fileID: 0}
    m_SelectOnRight: {fileID: 0}
  m_Transition: 1
  m_Colors:
    m_NormalColor: {r: 1, g: 1, b: 1, a: 1}
    m_HighlightedColor: {r: 0.9607843, g: 0.9607843, b: 0.9607843, a: 1}
    m_PressedColor: {r: 0.78431374, g: 0.78431374, b: 0.78431374, a: 1}
    m_SelectedColor: {r: 0.9607843, g: 0.9607843, b: 0.9607843, a: 1}
    m_DisabledColor: {r: 0.78431374, g: 0.78431374, b: 0.78431374, a: 0.5019608}
    m_ColorMultiplier: 1
    m_FadeDuration: 0.1
  m_SpriteState:
    m_HighlightedSprite: {fileID: 0}
    m_PressedSprite: {fileID: 0}
    m_SelectedSprite: {fileID: 0}
    m_DisabledSprite: {fileID: 0}
  m_AnimationTriggers:
    m_NormalTrigger: Normal
    m_HighlightedTrigger: Highlighted
    m_PressedTrigger: Pressed
    m_SelectedTrigger: Selected
    m_DisabledTrigger: Disabled
  m_Interactable: 1
  m_TargetGraphic: {fileID: 5378324233184157676}
  m_OnClick:
    m_PersistentCalls:
      m_Calls: []
--- !u!1 &3388472528892220538
GameObject:
  m_ObjectHideFlags: 0
  m_CorrespondingSourceObject: {fileID: 0}
  m_PrefabInstance: {fileID: 0}
  m_PrefabAsset: {fileID: 0}
  serializedVersion: 6
  m_Component:
  - component: {fileID: 223927953872598801}
  - component: {fileID: 4390506988227972283}
  - component: {fileID: 6240996300478201708}
  m_Layer: 5
  m_Name: icon
  m_TagString: Untagged
  m_Icon: {fileID: 0}
  m_NavMeshLayer: 0
  m_StaticEditorFlags: 0
  m_IsActive: 1
--- !u!224 &223927953872598801
RectTransform:
  m_ObjectHideFlags: 0
  m_CorrespondingSourceObject: {fileID: 0}
  m_PrefabInstance: {fileID: 0}
  m_PrefabAsset: {fileID: 0}
  m_GameObject: {fileID: 3388472528892220538}
  m_LocalRotation: {x: 0, y: 0, z: 0, w: 1}
  m_LocalPosition: {x: 0, y: 0, z: 0}
  m_LocalScale: {x: 1, y: 1, z: 1}
  m_ConstrainProportionsScale: 0
  m_Children: []
  m_Father: {fileID: 257909695482085732}
  m_LocalEulerAnglesHint: {x: 0, y: 0, z: 0}
  m_AnchorMin: {x: 0, y: 0}
  m_AnchorMax: {x: 0, y: 0}
  m_AnchoredPosition: {x: 0, y: 0}
  m_SizeDelta: {x: 24, y: 24}
  m_Pivot: {x: 0, y: 0.5}
--- !u!222 &4390506988227972283
CanvasRenderer:
  m_ObjectHideFlags: 0
  m_CorrespondingSourceObject: {fileID: 0}
  m_PrefabInstance: {fileID: 0}
  m_PrefabAsset: {fileID: 0}
  m_GameObject: {fileID: 3388472528892220538}
  m_CullTransparentMesh: 1
--- !u!114 &6240996300478201708
MonoBehaviour:
  m_ObjectHideFlags: 0
  m_CorrespondingSourceObject: {fileID: 0}
  m_PrefabInstance: {fileID: 0}
  m_PrefabAsset: {fileID: 0}
  m_GameObject: {fileID: 3388472528892220538}
  m_Enabled: 1
  m_EditorHideFlags: 0
  m_Script: {fileID: 11500000, guid: fe87c0e1cc204ed48ad3b37840f39efc, type: 3}
  m_Name: 
  m_EditorClassIdentifier: 
  m_Material: {fileID: 0}
  m_Color: {r: 1, g: 1, b: 1, a: 1}
  m_RaycastTarget: 0
  m_RaycastPadding: {x: 0, y: 0, z: 0, w: 0}
  m_Maskable: 0
  m_OnCullStateChanged:
    m_PersistentCalls:
      m_Calls: []
  m_Sprite: {fileID: 21300000, guid: f56dd222e938c384c8873ed263243d34, type: 3}
  m_Type: 0
  m_PreserveAspect: 0
  m_FillCenter: 1
  m_FillMethod: 4
  m_FillAmount: 1
  m_FillClockwise: 1
  m_FillOrigin: 0
  m_UseSpriteMesh: 0
  m_PixelsPerUnitMultiplier: 1
--- !u!1 &4439577226305208225
GameObject:
  m_ObjectHideFlags: 0
  m_CorrespondingSourceObject: {fileID: 0}
  m_PrefabInstance: {fileID: 0}
  m_PrefabAsset: {fileID: 0}
  serializedVersion: 6
  m_Component:
  - component: {fileID: 7293110897485292623}
  - component: {fileID: 5775980635686411556}
  - component: {fileID: 7614715621251202794}
  - component: {fileID: 1007178506598420339}
  m_Layer: 5
  m_Name: TaskProcess
  m_TagString: Untagged
  m_Icon: {fileID: 0}
  m_NavMeshLayer: 0
  m_StaticEditorFlags: 0
  m_IsActive: 1
--- !u!224 &7293110897485292623
RectTransform:
  m_ObjectHideFlags: 0
  m_CorrespondingSourceObject: {fileID: 0}
  m_PrefabInstance: {fileID: 0}
  m_PrefabAsset: {fileID: 0}
  m_GameObject: {fileID: 4439577226305208225}
  m_LocalRotation: {x: 0, y: 0, z: 0, w: 1}
  m_LocalPosition: {x: 0, y: 0, z: 0}
  m_LocalScale: {x: 1, y: 1, z: 1}
  m_ConstrainProportionsScale: 0
  m_Children:
  - {fileID: 1947150421978106069}
  - {fileID: 5814586847842332548}
  - {fileID: 796598762426611258}
  m_Father: {fileID: 0}
  m_LocalEulerAnglesHint: {x: 0, y: 0, z: 0}
  m_AnchorMin: {x: 0, y: 0}
  m_AnchorMax: {x: 0, y: 0}
  m_AnchoredPosition: {x: 0, y: 0}
  m_SizeDelta: {x: 480, y: 272}
  m_Pivot: {x: 0.5, y: 0.5}
--- !u!222 &5775980635686411556
CanvasRenderer:
  m_ObjectHideFlags: 0
  m_CorrespondingSourceObject: {fileID: 0}
  m_PrefabInstance: {fileID: 0}
  m_PrefabAsset: {fileID: 0}
  m_GameObject: {fileID: 4439577226305208225}
  m_CullTransparentMesh: 1
--- !u!114 &7614715621251202794
MonoBehaviour:
  m_ObjectHideFlags: 0
  m_CorrespondingSourceObject: {fileID: 0}
  m_PrefabInstance: {fileID: 0}
  m_PrefabAsset: {fileID: 0}
  m_GameObject: {fileID: 4439577226305208225}
  m_Enabled: 0
  m_EditorHideFlags: 0
  m_Script: {fileID: 11500000, guid: fe87c0e1cc204ed48ad3b37840f39efc, type: 3}
  m_Name: 
  m_EditorClassIdentifier: 
  m_Material: {fileID: 0}
  m_Color: {r: 1, g: 1, b: 1, a: 1}
  m_RaycastTarget: 1
  m_RaycastPadding: {x: 0, y: 0, z: 0, w: 0}
  m_Maskable: 1
  m_OnCullStateChanged:
    m_PersistentCalls:
      m_Calls: []
  m_Sprite: {fileID: 10907, guid: 0000000000000000f000000000000000, type: 0}
  m_Type: 1
  m_PreserveAspect: 0
  m_FillCenter: 1
  m_FillMethod: 4
  m_FillAmount: 1
  m_FillClockwise: 1
  m_FillOrigin: 0
  m_UseSpriteMesh: 0
  m_PixelsPerUnitMultiplier: 1
--- !u!114 &1007178506598420339
MonoBehaviour:
  m_ObjectHideFlags: 0
  m_CorrespondingSourceObject: {fileID: 0}
  m_PrefabInstance: {fileID: 0}
  m_PrefabAsset: {fileID: 0}
  m_GameObject: {fileID: 4439577226305208225}
  m_Enabled: 1
  m_EditorHideFlags: 0
  m_Script: {fileID: 11500000, guid: ae94c37508156534199a02e19df84b84, type: 3}
  m_Name: 
  m_EditorClassIdentifier: 
  _txtDeadline: {fileID: 8952273425822285200}
  _txtTask: {fileID: 7367261142407768686}
  _txtProgress: {fileID: 6672854378293811072}
  _txtLeftRound: {fileID: 5901515115923645956}
  _btnTaskList: {fileID: 8275466660078551350}
  _taskList: {fileID: 0}
  _deadlineSettings:
    Threshold: 5
    Color: {r: 1, g: 0, b: 0, a: 1}
    ColorNormal: {r: 0.34509805, g: 0.3882353, b: 0.56078434, a: 1}
  _localizeListener: {fileID: 0}
--- !u!1 &8086739531236519626
GameObject:
  m_ObjectHideFlags: 0
  m_CorrespondingSourceObject: {fileID: 0}
  m_PrefabInstance: {fileID: 0}
  m_PrefabAsset: {fileID: 0}
  serializedVersion: 6
  m_Component:
  - component: {fileID: 257909695482085732}
  - component: {fileID: 2400914315300847172}
  - component: {fileID: 8471622083293600659}
  - component: {fileID: 6735581854197471223}
  - component: {fileID: 988512660307979129}
  - component: {fileID: 1767491781302318367}
  m_Layer: 5
  m_Name: TimeLeft
  m_TagString: Untagged
  m_Icon: {fileID: 0}
  m_NavMeshLayer: 0
  m_StaticEditorFlags: 0
  m_IsActive: 1
--- !u!224 &257909695482085732
RectTransform:
  m_ObjectHideFlags: 0
  m_CorrespondingSourceObject: {fileID: 0}
  m_PrefabInstance: {fileID: 0}
  m_PrefabAsset: {fileID: 0}
  m_GameObject: {fileID: 8086739531236519626}
  m_LocalRotation: {x: 0, y: 0, z: 0, w: 1}
  m_LocalPosition: {x: 0, y: 0, z: 0}
  m_LocalScale: {x: 1, y: 1, z: 1}
  m_ConstrainProportionsScale: 0
  m_Children:
  - {fileID: 223927953872598801}
  - {fileID: 2481086648155385546}
  m_Father: {fileID: 1947150421978106069}
  m_LocalEulerAnglesHint: {x: 0, y: 0, z: 0}
  m_AnchorMin: {x: 1, y: 0}
  m_AnchorMax: {x: 1, y: 0}
  m_AnchoredPosition: {x: -24, y: 24}
  m_SizeDelta: {x: 0, y: 32}
  m_Pivot: {x: 1, y: 0}
--- !u!222 &2400914315300847172
CanvasRenderer:
  m_ObjectHideFlags: 0
  m_CorrespondingSourceObject: {fileID: 0}
  m_PrefabInstance: {fileID: 0}
  m_PrefabAsset: {fileID: 0}
  m_GameObject: {fileID: 8086739531236519626}
  m_CullTransparentMesh: 1
--- !u!114 &8471622083293600659
MonoBehaviour:
  m_ObjectHideFlags: 0
  m_CorrespondingSourceObject: {fileID: 0}
  m_PrefabInstance: {fileID: 0}
  m_PrefabAsset: {fileID: 0}
  m_GameObject: {fileID: 8086739531236519626}
  m_Enabled: 1
  m_EditorHideFlags: 0
  m_Script: {fileID: 11500000, guid: 41f1c5417c9d7ab4b84e531f83f60a4b, type: 3}
  m_Name: 
  m_EditorClassIdentifier: 
  m_Material: {fileID: 0}
  m_Color: {r: 1, g: 1, b: 1, a: 1}
  m_RaycastTarget: 1
  m_RaycastPadding: {x: 0, y: 0, z: 0, w: 0}
  m_Maskable: 1
  m_OnCullStateChanged:
    m_PersistentCalls:
      m_Calls: []
  m_Sprite: {fileID: 21300000, guid: 3f91331724a9da84197e9b6d94f0483c, type: 3}
  m_Type: 0
  m_PreserveAspect: 0
  m_FillCenter: 1
  m_FillMethod: 4
  m_FillAmount: 1
  m_FillClockwise: 1
  m_FillOrigin: 0
  m_UseSpriteMesh: 0
  m_PixelsPerUnitMultiplier: 1
  borderWidth: 0
  falloffDistance: 1
--- !u!114 &6735581854197471223
MonoBehaviour:
  m_ObjectHideFlags: 0
  m_CorrespondingSourceObject: {fileID: 0}
  m_PrefabInstance: {fileID: 0}
  m_PrefabAsset: {fileID: 0}
  m_GameObject: {fileID: 8086739531236519626}
  m_Enabled: 1
  m_EditorHideFlags: 0
  m_Script: {fileID: 11500000, guid: 68356c3764ad390429ddad9e48ce8c31, type: 3}
  m_Name: 
  m_EditorClassIdentifier: 
  radius: {x: 20, y: 20, z: 20, w: 20}
--- !u!114 &988512660307979129
MonoBehaviour:
  m_ObjectHideFlags: 0
  m_CorrespondingSourceObject: {fileID: 0}
  m_PrefabInstance: {fileID: 0}
  m_PrefabAsset: {fileID: 0}
  m_GameObject: {fileID: 8086739531236519626}
  m_Enabled: 1
  m_EditorHideFlags: 0
  m_Script: {fileID: 11500000, guid: 30649d3a9faa99c48a7b1166b86bf2a0, type: 3}
  m_Name: 
  m_EditorClassIdentifier: 
  m_Padding:
    m_Left: 5
    m_Right: 8
    m_Top: 0
    m_Bottom: 0
  m_ChildAlignment: 5
  m_Spacing: 0
  m_ChildForceExpandWidth: 1
  m_ChildForceExpandHeight: 1
  m_ChildControlWidth: 0
  m_ChildControlHeight: 0
  m_ChildScaleWidth: 0
  m_ChildScaleHeight: 0
  m_ReverseArrangement: 0
--- !u!114 &1767491781302318367
MonoBehaviour:
  m_ObjectHideFlags: 0
  m_CorrespondingSourceObject: {fileID: 0}
  m_PrefabInstance: {fileID: 0}
  m_PrefabAsset: {fileID: 0}
  m_GameObject: {fileID: 8086739531236519626}
  m_Enabled: 1
  m_EditorHideFlags: 0
  m_Script: {fileID: 11500000, guid: 3245ec927659c4140ac4f8d17403cc18, type: 3}
  m_Name: 
  m_EditorClassIdentifier: 
  m_HorizontalFit: 2
  m_VerticalFit: 0
--- !u!1 &8277060991490194773
GameObject:
  m_ObjectHideFlags: 0
  m_CorrespondingSourceObject: {fileID: 0}
  m_PrefabInstance: {fileID: 0}
  m_PrefabAsset: {fileID: 0}
  serializedVersion: 6
  m_Component:
  - component: {fileID: 782627964046831736}
  m_Layer: 5
  m_Name: progress
  m_TagString: Untagged
  m_Icon: {fileID: 0}
  m_NavMeshLayer: 0
  m_StaticEditorFlags: 0
  m_IsActive: 1
--- !u!224 &782627964046831736
RectTransform:
  m_ObjectHideFlags: 0
  m_CorrespondingSourceObject: {fileID: 0}
  m_PrefabInstance: {fileID: 0}
  m_PrefabAsset: {fileID: 0}
  m_GameObject: {fileID: 8277060991490194773}
  m_LocalRotation: {x: 0, y: 0, z: 0, w: 1}
  m_LocalPosition: {x: 0, y: 0, z: 0}
  m_LocalScale: {x: 1, y: 1, z: 1}
  m_ConstrainProportionsScale: 0
  m_Children:
  - {fileID: 8694407033433329609}
  - {fileID: 3391859370074758990}
  m_Father: {fileID: 1947150421978106069}
  m_LocalEulerAnglesHint: {x: 0, y: 0, z: 0}
  m_AnchorMin: {x: 0, y: 1}
  m_AnchorMax: {x: 0, y: 1}
  m_AnchoredPosition: {x: 36, y: -168}
  m_SizeDelta: {x: 320, y: 26}
  m_Pivot: {x: 0, y: 0.5}
--- !u!1001 &220928794096455809
PrefabInstance:
  m_ObjectHideFlags: 0
  serializedVersion: 2
  m_Modification:
    serializedVersion: 3
    m_TransformParent: {fileID: 257909695482085732}
    m_Modifications:
    - target: {fileID: 766862303314523746, guid: 8d99366dad719ee468c74dd309def938, type: 3}
      propertyPath: m_Name
      value: TC_22
      objectReference: {fileID: 0}
    - target: {fileID: 766862303314523746, guid: 8d99366dad719ee468c74dd309def938, type: 3}
      propertyPath: m_IsActive
      value: 1
      objectReference: {fileID: 0}
    - target: {fileID: 2413492585260809803, guid: 8d99366dad719ee468c74dd309def938, type: 3}
      propertyPath: m_Pivot.x
      value: 1
      objectReference: {fileID: 0}
    - target: {fileID: 2413492585260809803, guid: 8d99366dad719ee468c74dd309def938, type: 3}
      propertyPath: m_Pivot.y
      value: 0.5
      objectReference: {fileID: 0}
    - target: {fileID: 2413492585260809803, guid: 8d99366dad719ee468c74dd309def938, type: 3}
      propertyPath: m_AnchorMax.x
      value: 0
      objectReference: {fileID: 0}
    - target: {fileID: 2413492585260809803, guid: 8d99366dad719ee468c74dd309def938, type: 3}
      propertyPath: m_AnchorMax.y
      value: 0
      objectReference: {fileID: 0}
    - target: {fileID: 2413492585260809803, guid: 8d99366dad719ee468c74dd309def938, type: 3}
      propertyPath: m_AnchorMin.x
      value: 0
      objectReference: {fileID: 0}
    - target: {fileID: 2413492585260809803, guid: 8d99366dad719ee468c74dd309def938, type: 3}
      propertyPath: m_AnchorMin.y
      value: 0
      objectReference: {fileID: 0}
    - target: {fileID: 2413492585260809803, guid: 8d99366dad719ee468c74dd309def938, type: 3}
      propertyPath: m_SizeDelta.x
      value: 152
      objectReference: {fileID: 0}
    - target: {fileID: 2413492585260809803, guid: 8d99366dad719ee468c74dd309def938, type: 3}
      propertyPath: m_SizeDelta.y
      value: 26
      objectReference: {fileID: 0}
    - target: {fileID: 2413492585260809803, guid: 8d99366dad719ee468c74dd309def938, type: 3}
      propertyPath: m_LocalPosition.x
      value: 0
      objectReference: {fileID: 0}
    - target: {fileID: 2413492585260809803, guid: 8d99366dad719ee468c74dd309def938, type: 3}
      propertyPath: m_LocalPosition.y
      value: 0
      objectReference: {fileID: 0}
    - target: {fileID: 2413492585260809803, guid: 8d99366dad719ee468c74dd309def938, type: 3}
      propertyPath: m_LocalPosition.z
      value: 0
      objectReference: {fileID: 0}
    - target: {fileID: 2413492585260809803, guid: 8d99366dad719ee468c74dd309def938, type: 3}
      propertyPath: m_LocalRotation.w
      value: 1
      objectReference: {fileID: 0}
    - target: {fileID: 2413492585260809803, guid: 8d99366dad719ee468c74dd309def938, type: 3}
      propertyPath: m_LocalRotation.x
      value: -0
      objectReference: {fileID: 0}
    - target: {fileID: 2413492585260809803, guid: 8d99366dad719ee468c74dd309def938, type: 3}
      propertyPath: m_LocalRotation.y
      value: -0
      objectReference: {fileID: 0}
    - target: {fileID: 2413492585260809803, guid: 8d99366dad719ee468c74dd309def938, type: 3}
      propertyPath: m_LocalRotation.z
      value: -0
      objectReference: {fileID: 0}
    - target: {fileID: 2413492585260809803, guid: 8d99366dad719ee468c74dd309def938, type: 3}
      propertyPath: m_AnchoredPosition.x
      value: 0
      objectReference: {fileID: 0}
    - target: {fileID: 2413492585260809803, guid: 8d99366dad719ee468c74dd309def938, type: 3}
      propertyPath: m_AnchoredPosition.y
      value: 0
      objectReference: {fileID: 0}
    - target: {fileID: 2413492585260809803, guid: 8d99366dad719ee468c74dd309def938, type: 3}
      propertyPath: m_LocalEulerAnglesHint.x
      value: 0
      objectReference: {fileID: 0}
    - target: {fileID: 2413492585260809803, guid: 8d99366dad719ee468c74dd309def938, type: 3}
      propertyPath: m_LocalEulerAnglesHint.y
      value: 0
      objectReference: {fileID: 0}
    - target: {fileID: 2413492585260809803, guid: 8d99366dad719ee468c74dd309def938, type: 3}
      propertyPath: m_LocalEulerAnglesHint.z
      value: 0
      objectReference: {fileID: 0}
    - target: {fileID: 5978107579983492741, guid: 8d99366dad719ee468c74dd309def938, type: 3}
      propertyPath: m_Text
      value: "\u5269\u9918 19 \u56DE\u5408"
      objectReference: {fileID: 0}
    - target: {fileID: 5978107579983492741, guid: 8d99366dad719ee468c74dd309def938, type: 3}
      propertyPath: m_Color.b
      value: 0.56078434
      objectReference: {fileID: 0}
    - target: {fileID: 5978107579983492741, guid: 8d99366dad719ee468c74dd309def938, type: 3}
      propertyPath: m_Color.g
      value: 0.38823533
      objectReference: {fileID: 0}
    - target: {fileID: 5978107579983492741, guid: 8d99366dad719ee468c74dd309def938, type: 3}
      propertyPath: m_Color.r
      value: 0.34509805
      objectReference: {fileID: 0}
    - target: {fileID: 5978107579983492741, guid: 8d99366dad719ee468c74dd309def938, type: 3}
      propertyPath: m_Maskable
      value: 0
      objectReference: {fileID: 0}
    - target: {fileID: 5978107579983492741, guid: 8d99366dad719ee468c74dd309def938, type: 3}
      propertyPath: m_RaycastTarget
      value: 0
      objectReference: {fileID: 0}
    - target: {fileID: 5978107579983492741, guid: 8d99366dad719ee468c74dd309def938, type: 3}
      propertyPath: m_FontData.m_FontSize
      value: 22
      objectReference: {fileID: 0}
    - target: {fileID: 5978107579983492741, guid: 8d99366dad719ee468c74dd309def938, type: 3}
      propertyPath: m_FontData.m_RichText
      value: 0
      objectReference: {fileID: 0}
    - target: {fileID: 5978107579983492741, guid: 8d99366dad719ee468c74dd309def938, type: 3}
      propertyPath: m_FontData.m_Alignment
      value: 5
      objectReference: {fileID: 0}
    m_RemovedComponents: []
    m_RemovedGameObjects: []
    m_AddedGameObjects: []
    m_AddedComponents:
    - targetCorrespondingSourceObject: {fileID: 766862303314523746, guid: 8d99366dad719ee468c74dd309def938, type: 3}
      insertIndex: -1
      addedObject: {fileID: 7198051598650116034}
  m_SourcePrefab: {fileID: 100100000, guid: 8d99366dad719ee468c74dd309def938, type: 3}
--- !u!1 &699347269823325923 stripped
GameObject:
  m_CorrespondingSourceObject: {fileID: 766862303314523746, guid: 8d99366dad719ee468c74dd309def938, type: 3}
  m_PrefabInstance: {fileID: 220928794096455809}
  m_PrefabAsset: {fileID: 0}
--- !u!114 &7198051598650116034
MonoBehaviour:
  m_ObjectHideFlags: 0
  m_CorrespondingSourceObject: {fileID: 0}
  m_PrefabInstance: {fileID: 0}
  m_PrefabAsset: {fileID: 0}
  m_GameObject: {fileID: 699347269823325923}
  m_Enabled: 1
  m_EditorHideFlags: 0
  m_Script: {fileID: 11500000, guid: fb3a3a2cb4f5f3a4c96e67fd4ef2ddea, type: 3}
  m_Name: 
  m_EditorClassIdentifier: 
  _text: {fileID: 0}
  _letterSpacing: {fileID: 0}
  _override:
  - Language: 2
    Size: {x: 216, y: 26}
    LetterSpacing: 0
    FontSize: 22
--- !u!224 &2481086648155385546 stripped
RectTransform:
  m_CorrespondingSourceObject: {fileID: 2413492585260809803, guid: 8d99366dad719ee468c74dd309def938, type: 3}
  m_PrefabInstance: {fileID: 220928794096455809}
  m_PrefabAsset: {fileID: 0}
--- !u!114 &5901515115923645956 stripped
MonoBehaviour:
  m_CorrespondingSourceObject: {fileID: 5978107579983492741, guid: 8d99366dad719ee468c74dd309def938, type: 3}
  m_PrefabInstance: {fileID: 220928794096455809}
  m_PrefabAsset: {fileID: 0}
  m_GameObject: {fileID: 699347269823325923}
  m_Enabled: 1
  m_EditorHideFlags: 0
  m_Script: {fileID: 11500000, guid: 5f7201a12d95ffc409449d95f23cf332, type: 3}
  m_Name: 
  m_EditorClassIdentifier: 
--- !u!1001 &1039272238720786693
PrefabInstance:
  m_ObjectHideFlags: 0
  serializedVersion: 2
  m_Modification:
    serializedVersion: 3
    m_TransformParent: {fileID: 782627964046831736}
    m_Modifications:
    - target: {fileID: 766862303314523746, guid: 8d99366dad719ee468c74dd309def938, type: 3}
      propertyPath: m_Name
      value: TC_26
      objectReference: {fileID: 0}
    - target: {fileID: 766862303314523746, guid: 8d99366dad719ee468c74dd309def938, type: 3}
      propertyPath: m_IsActive
      value: 1
      objectReference: {fileID: 0}
    - target: {fileID: 1163338081126301887, guid: 8d99366dad719ee468c74dd309def938, type: 3}
      propertyPath: _spacing
      value: 4
      objectReference: {fileID: 0}
    - target: {fileID: 2413492585260809803, guid: 8d99366dad719ee468c74dd309def938, type: 3}
      propertyPath: m_Pivot.x
      value: 0
      objectReference: {fileID: 0}
    - target: {fileID: 2413492585260809803, guid: 8d99366dad719ee468c74dd309def938, type: 3}
      propertyPath: m_Pivot.y
      value: 0.5
      objectReference: {fileID: 0}
    - target: {fileID: 2413492585260809803, guid: 8d99366dad719ee468c74dd309def938, type: 3}
      propertyPath: m_AnchorMax.x
      value: 0
      objectReference: {fileID: 0}
    - target: {fileID: 2413492585260809803, guid: 8d99366dad719ee468c74dd309def938, type: 3}
      propertyPath: m_AnchorMax.y
      value: 0.5
      objectReference: {fileID: 0}
    - target: {fileID: 2413492585260809803, guid: 8d99366dad719ee468c74dd309def938, type: 3}
      propertyPath: m_AnchorMin.x
      value: 0
      objectReference: {fileID: 0}
    - target: {fileID: 2413492585260809803, guid: 8d99366dad719ee468c74dd309def938, type: 3}
      propertyPath: m_AnchorMin.y
      value: 0.5
      objectReference: {fileID: 0}
    - target: {fileID: 2413492585260809803, guid: 8d99366dad719ee468c74dd309def938, type: 3}
      propertyPath: m_SizeDelta.x
      value: 320
      objectReference: {fileID: 0}
    - target: {fileID: 2413492585260809803, guid: 8d99366dad719ee468c74dd309def938, type: 3}
      propertyPath: m_SizeDelta.y
      value: 26
      objectReference: {fileID: 0}
    - target: {fileID: 2413492585260809803, guid: 8d99366dad719ee468c74dd309def938, type: 3}
      propertyPath: m_LocalPosition.x
      value: 0
      objectReference: {fileID: 0}
    - target: {fileID: 2413492585260809803, guid: 8d99366dad719ee468c74dd309def938, type: 3}
      propertyPath: m_LocalPosition.y
      value: 0
      objectReference: {fileID: 0}
    - target: {fileID: 2413492585260809803, guid: 8d99366dad719ee468c74dd309def938, type: 3}
      propertyPath: m_LocalPosition.z
      value: 0
      objectReference: {fileID: 0}
    - target: {fileID: 2413492585260809803, guid: 8d99366dad719ee468c74dd309def938, type: 3}
      propertyPath: m_LocalRotation.w
      value: 1
      objectReference: {fileID: 0}
    - target: {fileID: 2413492585260809803, guid: 8d99366dad719ee468c74dd309def938, type: 3}
      propertyPath: m_LocalRotation.x
      value: -0
      objectReference: {fileID: 0}
    - target: {fileID: 2413492585260809803, guid: 8d99366dad719ee468c74dd309def938, type: 3}
      propertyPath: m_LocalRotation.y
      value: -0
      objectReference: {fileID: 0}
    - target: {fileID: 2413492585260809803, guid: 8d99366dad719ee468c74dd309def938, type: 3}
      propertyPath: m_LocalRotation.z
      value: -0
      objectReference: {fileID: 0}
    - target: {fileID: 2413492585260809803, guid: 8d99366dad719ee468c74dd309def938, type: 3}
      propertyPath: m_AnchoredPosition.x
      value: 28
      objectReference: {fileID: 0}
    - target: {fileID: 2413492585260809803, guid: 8d99366dad719ee468c74dd309def938, type: 3}
      propertyPath: m_AnchoredPosition.y
      value: 0
      objectReference: {fileID: 0}
    - target: {fileID: 2413492585260809803, guid: 8d99366dad719ee468c74dd309def938, type: 3}
      propertyPath: m_LocalEulerAnglesHint.x
      value: 0
      objectReference: {fileID: 0}
    - target: {fileID: 2413492585260809803, guid: 8d99366dad719ee468c74dd309def938, type: 3}
      propertyPath: m_LocalEulerAnglesHint.y
      value: 0
      objectReference: {fileID: 0}
    - target: {fileID: 2413492585260809803, guid: 8d99366dad719ee468c74dd309def938, type: 3}
      propertyPath: m_LocalEulerAnglesHint.z
      value: 0
      objectReference: {fileID: 0}
    - target: {fileID: 5978107579983492741, guid: 8d99366dad719ee468c74dd309def938, type: 3}
      propertyPath: m_Text
      value: 2400 / 6000
      objectReference: {fileID: 0}
    - target: {fileID: 5978107579983492741, guid: 8d99366dad719ee468c74dd309def938, type: 3}
      propertyPath: m_Color.b
      value: 0
      objectReference: {fileID: 0}
    - target: {fileID: 5978107579983492741, guid: 8d99366dad719ee468c74dd309def938, type: 3}
      propertyPath: m_Color.g
      value: 0.54319286
      objectReference: {fileID: 0}
    - target: {fileID: 5978107579983492741, guid: 8d99366dad719ee468c74dd309def938, type: 3}
      propertyPath: m_Color.r
      value: 0.8584906
      objectReference: {fileID: 0}
    - target: {fileID: 5978107579983492741, guid: 8d99366dad719ee468c74dd309def938, type: 3}
      propertyPath: m_Maskable
      value: 0
      objectReference: {fileID: 0}
    - target: {fileID: 5978107579983492741, guid: 8d99366dad719ee468c74dd309def938, type: 3}
      propertyPath: m_RaycastTarget
      value: 0
      objectReference: {fileID: 0}
    - target: {fileID: 5978107579983492741, guid: 8d99366dad719ee468c74dd309def938, type: 3}
      propertyPath: m_FontData.m_FontSize
      value: 24
      objectReference: {fileID: 0}
    - target: {fileID: 5978107579983492741, guid: 8d99366dad719ee468c74dd309def938, type: 3}
      propertyPath: m_FontData.m_RichText
      value: 0
      objectReference: {fileID: 0}
    - target: {fileID: 5978107579983492741, guid: 8d99366dad719ee468c74dd309def938, type: 3}
      propertyPath: m_FontData.m_Alignment
      value: 3
      objectReference: {fileID: 0}
    m_RemovedComponents: []
    m_RemovedGameObjects: []
    m_AddedGameObjects: []
    m_AddedComponents:
    - targetCorrespondingSourceObject: {fileID: 766862303314523746, guid: 8d99366dad719ee468c74dd309def938, type: 3}
      insertIndex: -1
      addedObject: {fileID: 5915793018792422921}
  m_SourcePrefab: {fileID: 100100000, guid: 8d99366dad719ee468c74dd309def938, type: 3}
--- !u!1 &344610772243158887 stripped
GameObject:
  m_CorrespondingSourceObject: {fileID: 766862303314523746, guid: 8d99366dad719ee468c74dd309def938, type: 3}
  m_PrefabInstance: {fileID: 1039272238720786693}
  m_PrefabAsset: {fileID: 0}
--- !u!114 &5915793018792422921
MonoBehaviour:
  m_ObjectHideFlags: 0
  m_CorrespondingSourceObject: {fileID: 0}
  m_PrefabInstance: {fileID: 0}
  m_PrefabAsset: {fileID: 0}
  m_GameObject: {fileID: 344610772243158887}
  m_Enabled: 1
  m_EditorHideFlags: 0
  m_Script: {fileID: 11500000, guid: fb3a3a2cb4f5f3a4c96e67fd4ef2ddea, type: 3}
  m_Name: 
  m_EditorClassIdentifier: 
  _text: {fileID: 0}
  _letterSpacing: {fileID: 0}
  _override:
  - Language: 2
    Size: {x: 0, y: 0}
    LetterSpacing: 4
    FontSize: 22
--- !u!224 &3391859370074758990 stripped
RectTransform:
  m_CorrespondingSourceObject: {fileID: 2413492585260809803, guid: 8d99366dad719ee468c74dd309def938, type: 3}
  m_PrefabInstance: {fileID: 1039272238720786693}
  m_PrefabAsset: {fileID: 0}
--- !u!114 &6672854378293811072 stripped
MonoBehaviour:
  m_CorrespondingSourceObject: {fileID: 5978107579983492741, guid: 8d99366dad719ee468c74dd309def938, type: 3}
  m_PrefabInstance: {fileID: 1039272238720786693}
  m_PrefabAsset: {fileID: 0}
  m_GameObject: {fileID: 344610772243158887}
  m_Enabled: 1
  m_EditorHideFlags: 0
  m_Script: {fileID: 11500000, guid: 5f7201a12d95ffc409449d95f23cf332, type: 3}
  m_Name: 
  m_EditorClassIdentifier: 
--- !u!1001 &1128395856681381927
PrefabInstance:
  m_ObjectHideFlags: 0
  serializedVersion: 2
  m_Modification:
    serializedVersion: 3
    m_TransformParent: {fileID: 1947150421978106069}
    m_Modifications:
    - target: {fileID: 3672564738017268021, guid: fb8453e1289803047a29871e63466e9b, type: 3}
      propertyPath: m_Pivot.x
      value: 0
      objectReference: {fileID: 0}
    - target: {fileID: 3672564738017268021, guid: fb8453e1289803047a29871e63466e9b, type: 3}
      propertyPath: m_Pivot.y
      value: 0.5
      objectReference: {fileID: 0}
    - target: {fileID: 3672564738017268021, guid: fb8453e1289803047a29871e63466e9b, type: 3}
      propertyPath: m_RootOrder
      value: -1
      objectReference: {fileID: 0}
    - target: {fileID: 3672564738017268021, guid: fb8453e1289803047a29871e63466e9b, type: 3}
      propertyPath: m_AnchorMax.x
      value: 0
      objectReference: {fileID: 0}
    - target: {fileID: 3672564738017268021, guid: fb8453e1289803047a29871e63466e9b, type: 3}
      propertyPath: m_AnchorMax.y
      value: 1
      objectReference: {fileID: 0}
    - target: {fileID: 3672564738017268021, guid: fb8453e1289803047a29871e63466e9b, type: 3}
      propertyPath: m_AnchorMin.x
      value: 0
      objectReference: {fileID: 0}
    - target: {fileID: 3672564738017268021, guid: fb8453e1289803047a29871e63466e9b, type: 3}
      propertyPath: m_AnchorMin.y
      value: 1
      objectReference: {fileID: 0}
    - target: {fileID: 3672564738017268021, guid: fb8453e1289803047a29871e63466e9b, type: 3}
      propertyPath: m_SizeDelta.x
      value: 336
      objectReference: {fileID: 0}
    - target: {fileID: 3672564738017268021, guid: fb8453e1289803047a29871e63466e9b, type: 3}
      propertyPath: m_SizeDelta.y
      value: 28
      objectReference: {fileID: 0}
    - target: {fileID: 3672564738017268021, guid: fb8453e1289803047a29871e63466e9b, type: 3}
      propertyPath: m_LocalPosition.x
      value: 0
      objectReference: {fileID: 0}
    - target: {fileID: 3672564738017268021, guid: fb8453e1289803047a29871e63466e9b, type: 3}
      propertyPath: m_LocalPosition.y
      value: 0
      objectReference: {fileID: 0}
    - target: {fileID: 3672564738017268021, guid: fb8453e1289803047a29871e63466e9b, type: 3}
      propertyPath: m_LocalPosition.z
      value: 0
      objectReference: {fileID: 0}
    - target: {fileID: 3672564738017268021, guid: fb8453e1289803047a29871e63466e9b, type: 3}
      propertyPath: m_LocalRotation.w
      value: 1
      objectReference: {fileID: 0}
    - target: {fileID: 3672564738017268021, guid: fb8453e1289803047a29871e63466e9b, type: 3}
      propertyPath: m_LocalRotation.x
      value: -0
      objectReference: {fileID: 0}
    - target: {fileID: 3672564738017268021, guid: fb8453e1289803047a29871e63466e9b, type: 3}
      propertyPath: m_LocalRotation.y
      value: -0
      objectReference: {fileID: 0}
    - target: {fileID: 3672564738017268021, guid: fb8453e1289803047a29871e63466e9b, type: 3}
      propertyPath: m_LocalRotation.z
      value: -0
      objectReference: {fileID: 0}
    - target: {fileID: 3672564738017268021, guid: fb8453e1289803047a29871e63466e9b, type: 3}
      propertyPath: m_AnchoredPosition.x
      value: 36
      objectReference: {fileID: 0}
    - target: {fileID: 3672564738017268021, guid: fb8453e1289803047a29871e63466e9b, type: 3}
      propertyPath: m_AnchoredPosition.y
      value: -90
      objectReference: {fileID: 0}
    - target: {fileID: 3672564738017268021, guid: fb8453e1289803047a29871e63466e9b, type: 3}
      propertyPath: m_LocalEulerAnglesHint.x
      value: 0
      objectReference: {fileID: 0}
    - target: {fileID: 3672564738017268021, guid: fb8453e1289803047a29871e63466e9b, type: 3}
      propertyPath: m_LocalEulerAnglesHint.y
      value: 0
      objectReference: {fileID: 0}
    - target: {fileID: 3672564738017268021, guid: fb8453e1289803047a29871e63466e9b, type: 3}
      propertyPath: m_LocalEulerAnglesHint.z
      value: 0
      objectReference: {fileID: 0}
    - target: {fileID: 6316723457967745111, guid: fb8453e1289803047a29871e63466e9b, type: 3}
      propertyPath: m_Name
      value: TC_26_DeadLine
      objectReference: {fileID: 0}
    - target: {fileID: 6316723457967745111, guid: fb8453e1289803047a29871e63466e9b, type: 3}
      propertyPath: m_IsActive
      value: 1
      objectReference: {fileID: 0}
    - target: {fileID: 8328285126308548023, guid: fb8453e1289803047a29871e63466e9b, type: 3}
      propertyPath: m_Text
      value: "\u5728\u7B2C20\u56DE\u5408\u4EE5\u524D"
      objectReference: {fileID: 0}
    - target: {fileID: 8328285126308548023, guid: fb8453e1289803047a29871e63466e9b, type: 3}
      propertyPath: m_Color.b
      value: 0.35686275
      objectReference: {fileID: 0}
    - target: {fileID: 8328285126308548023, guid: fb8453e1289803047a29871e63466e9b, type: 3}
      propertyPath: m_Color.g
      value: 0.25490198
      objectReference: {fileID: 0}
    - target: {fileID: 8328285126308548023, guid: fb8453e1289803047a29871e63466e9b, type: 3}
      propertyPath: m_Color.r
      value: 0.22745098
      objectReference: {fileID: 0}
    - target: {fileID: 8328285126308548023, guid: fb8453e1289803047a29871e63466e9b, type: 3}
      propertyPath: m_Maskable
      value: 0
      objectReference: {fileID: 0}
    - target: {fileID: 8328285126308548023, guid: fb8453e1289803047a29871e63466e9b, type: 3}
      propertyPath: m_RaycastTarget
      value: 0
      objectReference: {fileID: 0}
    - target: {fileID: 8328285126308548023, guid: fb8453e1289803047a29871e63466e9b, type: 3}
      propertyPath: m_FontData.m_Font
      value: 
      objectReference: {fileID: 12800000, guid: a80f246c6463d524e9b36b3e6236eea5, type: 3}
    - target: {fileID: 8328285126308548023, guid: fb8453e1289803047a29871e63466e9b, type: 3}
      propertyPath: m_FontData.m_MinSize
      value: 2
      objectReference: {fileID: 0}
    - target: {fileID: 8328285126308548023, guid: fb8453e1289803047a29871e63466e9b, type: 3}
      propertyPath: m_FontData.m_FontSize
      value: 26
      objectReference: {fileID: 0}
    - target: {fileID: 8328285126308548023, guid: fb8453e1289803047a29871e63466e9b, type: 3}
      propertyPath: m_FontData.m_RichText
      value: 0
      objectReference: {fileID: 0}
    m_RemovedComponents: []
    m_RemovedGameObjects: []
    m_AddedGameObjects: []
    m_AddedComponents:
    - targetCorrespondingSourceObject: {fileID: 6316723457967745111, guid: fb8453e1289803047a29871e63466e9b, type: 3}
      insertIndex: -1
      addedObject: {fileID: 8849445658756193895}
  m_SourcePrefab: {fileID: 100100000, guid: fb8453e1289803047a29871e63466e9b, type: 3}
--- !u!224 &4422337086462435602 stripped
RectTransform:
  m_CorrespondingSourceObject: {fileID: 3672564738017268021, guid: fb8453e1289803047a29871e63466e9b, type: 3}
  m_PrefabInstance: {fileID: 1128395856681381927}
  m_PrefabAsset: {fileID: 0}
--- !u!1 &6341451494248634480 stripped
GameObject:
  m_CorrespondingSourceObject: {fileID: 6316723457967745111, guid: fb8453e1289803047a29871e63466e9b, type: 3}
  m_PrefabInstance: {fileID: 1128395856681381927}
  m_PrefabAsset: {fileID: 0}
--- !u!114 &8849445658756193895
MonoBehaviour:
  m_ObjectHideFlags: 0
  m_CorrespondingSourceObject: {fileID: 0}
  m_PrefabInstance: {fileID: 0}
  m_PrefabAsset: {fileID: 0}
  m_GameObject: {fileID: 6341451494248634480}
  m_Enabled: 1
  m_EditorHideFlags: 0
  m_Script: {fileID: 11500000, guid: fb3a3a2cb4f5f3a4c96e67fd4ef2ddea, type: 3}
  m_Name: 
  m_EditorClassIdentifier: 
  _text: {fileID: 0}
  _letterSpacing: {fileID: 0}
  _override:
  - Language: 2
    Size: {x: 0, y: 0}
    LetterSpacing: 0
    FontSize: 24
--- !u!114 &8952273425822285200 stripped
MonoBehaviour:
  m_CorrespondingSourceObject: {fileID: 8328285126308548023, guid: fb8453e1289803047a29871e63466e9b, type: 3}
  m_PrefabInstance: {fileID: 1128395856681381927}
  m_PrefabAsset: {fileID: 0}
  m_GameObject: {fileID: 6341451494248634480}
  m_Enabled: 1
  m_EditorHideFlags: 0
  m_Script: {fileID: 11500000, guid: 5f7201a12d95ffc409449d95f23cf332, type: 3}
  m_Name: 
  m_EditorClassIdentifier: 
--- !u!1001 &1560998423724468185
PrefabInstance:
  m_ObjectHideFlags: 0
  serializedVersion: 2
  m_Modification:
    serializedVersion: 3
    m_TransformParent: {fileID: 1947150421978106069}
    m_Modifications:
    - target: {fileID: -6443549530421063298, guid: fb8453e1289803047a29871e63466e9b, type: 3}
      propertyPath: _spacing
      value: 5.6
      objectReference: {fileID: 0}
    - target: {fileID: 3672564738017268021, guid: fb8453e1289803047a29871e63466e9b, type: 3}
      propertyPath: m_Pivot.x
      value: 0
      objectReference: {fileID: 0}
    - target: {fileID: 3672564738017268021, guid: fb8453e1289803047a29871e63466e9b, type: 3}
      propertyPath: m_Pivot.y
      value: 0.5
      objectReference: {fileID: 0}
    - target: {fileID: 3672564738017268021, guid: fb8453e1289803047a29871e63466e9b, type: 3}
      propertyPath: m_RootOrder
      value: -1
      objectReference: {fileID: 0}
    - target: {fileID: 3672564738017268021, guid: fb8453e1289803047a29871e63466e9b, type: 3}
      propertyPath: m_AnchorMax.x
      value: 0
      objectReference: {fileID: 0}
    - target: {fileID: 3672564738017268021, guid: fb8453e1289803047a29871e63466e9b, type: 3}
      propertyPath: m_AnchorMax.y
      value: 1
      objectReference: {fileID: 0}
    - target: {fileID: 3672564738017268021, guid: fb8453e1289803047a29871e63466e9b, type: 3}
      propertyPath: m_AnchorMin.x
      value: 0
      objectReference: {fileID: 0}
    - target: {fileID: 3672564738017268021, guid: fb8453e1289803047a29871e63466e9b, type: 3}
      propertyPath: m_AnchorMin.y
      value: 1
      objectReference: {fileID: 0}
    - target: {fileID: 3672564738017268021, guid: fb8453e1289803047a29871e63466e9b, type: 3}
      propertyPath: m_SizeDelta.x
      value: 336
      objectReference: {fileID: 0}
    - target: {fileID: 3672564738017268021, guid: fb8453e1289803047a29871e63466e9b, type: 3}
      propertyPath: m_SizeDelta.y
      value: 28
      objectReference: {fileID: 0}
    - target: {fileID: 3672564738017268021, guid: fb8453e1289803047a29871e63466e9b, type: 3}
      propertyPath: m_LocalPosition.x
      value: 0
      objectReference: {fileID: 0}
    - target: {fileID: 3672564738017268021, guid: fb8453e1289803047a29871e63466e9b, type: 3}
      propertyPath: m_LocalPosition.y
      value: 0
      objectReference: {fileID: 0}
    - target: {fileID: 3672564738017268021, guid: fb8453e1289803047a29871e63466e9b, type: 3}
      propertyPath: m_LocalPosition.z
      value: 0
      objectReference: {fileID: 0}
    - target: {fileID: 3672564738017268021, guid: fb8453e1289803047a29871e63466e9b, type: 3}
      propertyPath: m_LocalRotation.w
      value: 1
      objectReference: {fileID: 0}
    - target: {fileID: 3672564738017268021, guid: fb8453e1289803047a29871e63466e9b, type: 3}
      propertyPath: m_LocalRotation.x
      value: -0
      objectReference: {fileID: 0}
    - target: {fileID: 3672564738017268021, guid: fb8453e1289803047a29871e63466e9b, type: 3}
      propertyPath: m_LocalRotation.y
      value: -0
      objectReference: {fileID: 0}
    - target: {fileID: 3672564738017268021, guid: fb8453e1289803047a29871e63466e9b, type: 3}
      propertyPath: m_LocalRotation.z
      value: -0
      objectReference: {fileID: 0}
    - target: {fileID: 3672564738017268021, guid: fb8453e1289803047a29871e63466e9b, type: 3}
      propertyPath: m_AnchoredPosition.x
      value: 36
      objectReference: {fileID: 0}
    - target: {fileID: 3672564738017268021, guid: fb8453e1289803047a29871e63466e9b, type: 3}
      propertyPath: m_AnchoredPosition.y
      value: -128
      objectReference: {fileID: 0}
    - target: {fileID: 3672564738017268021, guid: fb8453e1289803047a29871e63466e9b, type: 3}
      propertyPath: m_LocalEulerAnglesHint.x
      value: 0
      objectReference: {fileID: 0}
    - target: {fileID: 3672564738017268021, guid: fb8453e1289803047a29871e63466e9b, type: 3}
      propertyPath: m_LocalEulerAnglesHint.y
      value: 0
      objectReference: {fileID: 0}
    - target: {fileID: 3672564738017268021, guid: fb8453e1289803047a29871e63466e9b, type: 3}
      propertyPath: m_LocalEulerAnglesHint.z
      value: 0
      objectReference: {fileID: 0}
    - target: {fileID: 6316723457967745111, guid: fb8453e1289803047a29871e63466e9b, type: 3}
      propertyPath: m_Name
      value: TC_26_content
      objectReference: {fileID: 0}
    - target: {fileID: 6316723457967745111, guid: fb8453e1289803047a29871e63466e9b, type: 3}
      propertyPath: m_IsActive
      value: 1
      objectReference: {fileID: 0}
    - target: {fileID: 8328285126308548023, guid: fb8453e1289803047a29871e63466e9b, type: 3}
      propertyPath: m_Text
      value: "\u64C1\u67096000\u5143"
      objectReference: {fileID: 0}
    - target: {fileID: 8328285126308548023, guid: fb8453e1289803047a29871e63466e9b, type: 3}
      propertyPath: m_Color.b
      value: 0.35686275
      objectReference: {fileID: 0}
    - target: {fileID: 8328285126308548023, guid: fb8453e1289803047a29871e63466e9b, type: 3}
      propertyPath: m_Color.g
      value: 0.25490198
      objectReference: {fileID: 0}
    - target: {fileID: 8328285126308548023, guid: fb8453e1289803047a29871e63466e9b, type: 3}
      propertyPath: m_Color.r
      value: 0.22745098
      objectReference: {fileID: 0}
    - target: {fileID: 8328285126308548023, guid: fb8453e1289803047a29871e63466e9b, type: 3}
      propertyPath: m_Maskable
      value: 0
      objectReference: {fileID: 0}
    - target: {fileID: 8328285126308548023, guid: fb8453e1289803047a29871e63466e9b, type: 3}
      propertyPath: m_RaycastTarget
      value: 0
      objectReference: {fileID: 0}
    - target: {fileID: 8328285126308548023, guid: fb8453e1289803047a29871e63466e9b, type: 3}
      propertyPath: m_FontData.m_Font
      value: 
      objectReference: {fileID: 12800000, guid: a80f246c6463d524e9b36b3e6236eea5, type: 3}
    - target: {fileID: 8328285126308548023, guid: fb8453e1289803047a29871e63466e9b, type: 3}
      propertyPath: m_FontData.m_MinSize
      value: 2
      objectReference: {fileID: 0}
    - target: {fileID: 8328285126308548023, guid: fb8453e1289803047a29871e63466e9b, type: 3}
      propertyPath: m_FontData.m_FontSize
      value: 26
      objectReference: {fileID: 0}
    - target: {fileID: 8328285126308548023, guid: fb8453e1289803047a29871e63466e9b, type: 3}
      propertyPath: m_FontData.m_RichText
      value: 0
      objectReference: {fileID: 0}
    m_RemovedComponents: []
    m_RemovedGameObjects: []
    m_AddedGameObjects: []
    m_AddedComponents:
    - targetCorrespondingSourceObject: {fileID: 6316723457967745111, guid: fb8453e1289803047a29871e63466e9b, type: 3}
      insertIndex: -1
      addedObject: {fileID: 5922415888526856042}
  m_SourcePrefab: {fileID: 100100000, guid: fb8453e1289803047a29871e63466e9b, type: 3}
--- !u!224 &2836799237682869996 stripped
RectTransform:
  m_CorrespondingSourceObject: {fileID: 3672564738017268021, guid: fb8453e1289803047a29871e63466e9b, type: 3}
  m_PrefabInstance: {fileID: 1560998423724468185}
  m_PrefabAsset: {fileID: 0}
--- !u!1 &4755877413139894158 stripped
GameObject:
  m_CorrespondingSourceObject: {fileID: 6316723457967745111, guid: fb8453e1289803047a29871e63466e9b, type: 3}
  m_PrefabInstance: {fileID: 1560998423724468185}
  m_PrefabAsset: {fileID: 0}
--- !u!114 &5922415888526856042
MonoBehaviour:
  m_ObjectHideFlags: 0
  m_CorrespondingSourceObject: {fileID: 0}
  m_PrefabInstance: {fileID: 0}
  m_PrefabAsset: {fileID: 0}
  m_GameObject: {fileID: 4755877413139894158}
  m_Enabled: 1
  m_EditorHideFlags: 0
  m_Script: {fileID: 11500000, guid: fb3a3a2cb4f5f3a4c96e67fd4ef2ddea, type: 3}
  m_Name: 
  m_EditorClassIdentifier: 
  _text: {fileID: 0}
  _letterSpacing: {fileID: 0}
  _override:
  - Language: 2
    Size: {x: 0, y: 0}
    LetterSpacing: 0
    FontSize: 24
--- !u!114 &7367261142407768686 stripped
MonoBehaviour:
  m_CorrespondingSourceObject: {fileID: 8328285126308548023, guid: fb8453e1289803047a29871e63466e9b, type: 3}
  m_PrefabInstance: {fileID: 1560998423724468185}
  m_PrefabAsset: {fileID: 0}
  m_GameObject: {fileID: 4755877413139894158}
  m_Enabled: 1
  m_EditorHideFlags: 0
  m_Script: {fileID: 11500000, guid: 5f7201a12d95ffc409449d95f23cf332, type: 3}
  m_Name: 
  m_EditorClassIdentifier: 
--- !u!1001 &4954489787372463193
PrefabInstance:
  m_ObjectHideFlags: 0
  serializedVersion: 2
  m_Modification:
    serializedVersion: 3
    m_TransformParent: {fileID: 5814586847842332548}
    m_Modifications:
    - target: {fileID: 3672564738017268021, guid: fb8453e1289803047a29871e63466e9b, type: 3}
      propertyPath: m_Pivot.x
      value: 0
      objectReference: {fileID: 0}
    - target: {fileID: 3672564738017268021, guid: fb8453e1289803047a29871e63466e9b, type: 3}
      propertyPath: m_Pivot.y
      value: 0.5
      objectReference: {fileID: 0}
    - target: {fileID: 3672564738017268021, guid: fb8453e1289803047a29871e63466e9b, type: 3}
      propertyPath: m_RootOrder
      value: -1
      objectReference: {fileID: 0}
    - target: {fileID: 3672564738017268021, guid: fb8453e1289803047a29871e63466e9b, type: 3}
      propertyPath: m_AnchorMax.x
      value: 0
      objectReference: {fileID: 0}
    - target: {fileID: 3672564738017268021, guid: fb8453e1289803047a29871e63466e9b, type: 3}
      propertyPath: m_AnchorMax.y
      value: 0.5
      objectReference: {fileID: 0}
    - target: {fileID: 3672564738017268021, guid: fb8453e1289803047a29871e63466e9b, type: 3}
      propertyPath: m_AnchorMin.x
      value: 0
      objectReference: {fileID: 0}
    - target: {fileID: 3672564738017268021, guid: fb8453e1289803047a29871e63466e9b, type: 3}
      propertyPath: m_AnchorMin.y
      value: 0.5
      objectReference: {fileID: 0}
    - target: {fileID: 3672564738017268021, guid: fb8453e1289803047a29871e63466e9b, type: 3}
      propertyPath: m_SizeDelta.x
      value: 224
      objectReference: {fileID: 0}
    - target: {fileID: 3672564738017268021, guid: fb8453e1289803047a29871e63466e9b, type: 3}
      propertyPath: m_SizeDelta.y
      value: 30
      objectReference: {fileID: 0}
    - target: {fileID: 3672564738017268021, guid: fb8453e1289803047a29871e63466e9b, type: 3}
      propertyPath: m_LocalPosition.x
      value: 0
      objectReference: {fileID: 0}
    - target: {fileID: 3672564738017268021, guid: fb8453e1289803047a29871e63466e9b, type: 3}
      propertyPath: m_LocalPosition.y
      value: 0
      objectReference: {fileID: 0}
    - target: {fileID: 3672564738017268021, guid: fb8453e1289803047a29871e63466e9b, type: 3}
      propertyPath: m_LocalPosition.z
      value: 0
      objectReference: {fileID: 0}
    - target: {fileID: 3672564738017268021, guid: fb8453e1289803047a29871e63466e9b, type: 3}
      propertyPath: m_LocalRotation.w
      value: 1
      objectReference: {fileID: 0}
    - target: {fileID: 3672564738017268021, guid: fb8453e1289803047a29871e63466e9b, type: 3}
      propertyPath: m_LocalRotation.x
      value: -0
      objectReference: {fileID: 0}
    - target: {fileID: 3672564738017268021, guid: fb8453e1289803047a29871e63466e9b, type: 3}
      propertyPath: m_LocalRotation.y
      value: -0
      objectReference: {fileID: 0}
    - target: {fileID: 3672564738017268021, guid: fb8453e1289803047a29871e63466e9b, type: 3}
      propertyPath: m_LocalRotation.z
      value: -0
      objectReference: {fileID: 0}
    - target: {fileID: 3672564738017268021, guid: fb8453e1289803047a29871e63466e9b, type: 3}
      propertyPath: m_AnchoredPosition.x
      value: 22
      objectReference: {fileID: 0}
    - target: {fileID: 3672564738017268021, guid: fb8453e1289803047a29871e63466e9b, type: 3}
      propertyPath: m_AnchoredPosition.y
      value: 0
      objectReference: {fileID: 0}
    - target: {fileID: 3672564738017268021, guid: fb8453e1289803047a29871e63466e9b, type: 3}
      propertyPath: m_LocalEulerAnglesHint.x
      value: 0
      objectReference: {fileID: 0}
    - target: {fileID: 3672564738017268021, guid: fb8453e1289803047a29871e63466e9b, type: 3}
      propertyPath: m_LocalEulerAnglesHint.y
      value: 0
      objectReference: {fileID: 0}
    - target: {fileID: 3672564738017268021, guid: fb8453e1289803047a29871e63466e9b, type: 3}
      propertyPath: m_LocalEulerAnglesHint.z
      value: 0
      objectReference: {fileID: 0}
    - target: {fileID: 6316723457967745111, guid: fb8453e1289803047a29871e63466e9b, type: 3}
      propertyPath: m_Name
      value: TC_28
      objectReference: {fileID: 0}
    - target: {fileID: 8328285126308548023, guid: fb8453e1289803047a29871e63466e9b, type: 3}
      propertyPath: m_Text
      value: "\u4EFB\u52D9\u540D\u7A31"
      objectReference: {fileID: 0}
    - target: {fileID: 8328285126308548023, guid: fb8453e1289803047a29871e63466e9b, type: 3}
      propertyPath: m_Color.b
      value: 1
      objectReference: {fileID: 0}
    - target: {fileID: 8328285126308548023, guid: fb8453e1289803047a29871e63466e9b, type: 3}
      propertyPath: m_Color.g
      value: 1
      objectReference: {fileID: 0}
    - target: {fileID: 8328285126308548023, guid: fb8453e1289803047a29871e63466e9b, type: 3}
      propertyPath: m_Color.r
      value: 1
      objectReference: {fileID: 0}
    - target: {fileID: 8328285126308548023, guid: fb8453e1289803047a29871e63466e9b, type: 3}
      propertyPath: m_FontData.m_Font
      value: 
      objectReference: {fileID: 12800000, guid: a80f246c6463d524e9b36b3e6236eea5, type: 3}
    - target: {fileID: 8328285126308548023, guid: fb8453e1289803047a29871e63466e9b, type: 3}
      propertyPath: m_FontData.m_Alignment
      value: 4
      objectReference: {fileID: 0}
    - target: {fileID: 8328285126308548023, guid: fb8453e1289803047a29871e63466e9b, type: 3}
      propertyPath: m_FontData.m_FontStyle
      value: 0
      objectReference: {fileID: 0}
    m_RemovedComponents:
    - {fileID: 8328285126308548023, guid: fb8453e1289803047a29871e63466e9b, type: 3}
    m_RemovedGameObjects: []
    m_AddedGameObjects: []
    m_AddedComponents:
    - targetCorrespondingSourceObject: {fileID: 6316723457967745111, guid: fb8453e1289803047a29871e63466e9b, type: 3}
      insertIndex: -1
      addedObject: {fileID: 4068655628388794034}
  m_SourcePrefab: {fileID: 100100000, guid: fb8453e1289803047a29871e63466e9b, type: 3}
--- !u!1 &1398474004790610958 stripped
GameObject:
  m_CorrespondingSourceObject: {fileID: 6316723457967745111, guid: fb8453e1289803047a29871e63466e9b, type: 3}
  m_PrefabInstance: {fileID: 4954489787372463193}
  m_PrefabAsset: {fileID: 0}
--- !u!114 &4068655628388794034
MonoBehaviour:
  m_ObjectHideFlags: 0
  m_CorrespondingSourceObject: {fileID: 0}
  m_PrefabInstance: {fileID: 0}
  m_PrefabAsset: {fileID: 0}
  m_GameObject: {fileID: 1398474004790610958}
  m_Enabled: 1
  m_EditorHideFlags: 0
  m_Script: {fileID: 11500000, guid: a6d62782e88343a4b838d1e4dd027158, type: 3}
  m_Name: 
  m_EditorClassIdentifier: 
  m_Material: {fileID: 0}
  m_Color: {r: 1, g: 1, b: 1, a: 1}
  m_RaycastTarget: 0
  m_RaycastPadding: {x: 0, y: 0, z: 0, w: 0}
  m_Maskable: 0
  m_OnCullStateChanged:
    m_PersistentCalls:
      m_Calls: []
  m_FontData:
    m_Font: {fileID: 12800000, guid: a80f246c6463d524e9b36b3e6236eea5, type: 3}
    m_FontSize: 24
    m_FontStyle: 0
    m_BestFit: 0
    m_MinSize: 2
    m_MaxSize: 40
    m_Alignment: 3
    m_AlignByGeometry: 0
    m_RichText: 0
    m_HorizontalOverflow: 0
    m_VerticalOverflow: 0
    m_LineSpacing: 1.5714285
  m_Text: "\u4EFB\u52D9\u76EE\u6A19"
  _localizeID: 10200165
  _refreshOnAwake: 1
  _onRefreshed:
    m_PersistentCalls:
      m_Calls: []
--- !u!224 &8518119019294225772 stripped
RectTransform:
  m_CorrespondingSourceObject: {fileID: 3672564738017268021, guid: fb8453e1289803047a29871e63466e9b, type: 3}
  m_PrefabInstance: {fileID: 4954489787372463193}
  m_PrefabAsset: {fileID: 0}
--- !u!1001 &8671705539887827671
PrefabInstance:
  m_ObjectHideFlags: 0
  serializedVersion: 2
  m_Modification:
    serializedVersion: 3
    m_TransformParent: {fileID: 1947150421978106069}
    m_Modifications:
    - target: {fileID: 697936100446855791, guid: 54fdf94b52d44304f8eaf2b66904fd89, type: 3}
      propertyPath: m_Name
      value: button_task
      objectReference: {fileID: 0}
    - target: {fileID: 697936100446855791, guid: 54fdf94b52d44304f8eaf2b66904fd89, type: 3}
      propertyPath: m_IsActive
      value: 1
      objectReference: {fileID: 0}
    - target: {fileID: 756687387288865761, guid: 54fdf94b52d44304f8eaf2b66904fd89, type: 3}
      propertyPath: m_OnClick.m_PersistentCalls.m_Calls.Array.size
      value: 1
      objectReference: {fileID: 0}
    - target: {fileID: 756687387288865761, guid: 54fdf94b52d44304f8eaf2b66904fd89, type: 3}
      propertyPath: m_OnClick.m_PersistentCalls.m_Calls.Array.data[0].m_Mode
      value: 1
      objectReference: {fileID: 0}
    - target: {fileID: 756687387288865761, guid: 54fdf94b52d44304f8eaf2b66904fd89, type: 3}
      propertyPath: m_OnClick.m_PersistentCalls.m_Calls.Array.data[0].m_Target
      value: 
      objectReference: {fileID: 7294403664107905306}
    - target: {fileID: 756687387288865761, guid: 54fdf94b52d44304f8eaf2b66904fd89, type: 3}
      propertyPath: m_OnClick.m_PersistentCalls.m_Calls.Array.data[0].m_CallState
      value: 2
      objectReference: {fileID: 0}
    - target: {fileID: 756687387288865761, guid: 54fdf94b52d44304f8eaf2b66904fd89, type: 3}
      propertyPath: m_OnClick.m_PersistentCalls.m_Calls.Array.data[0].m_MethodName
      value: Play
      objectReference: {fileID: 0}
    - target: {fileID: 756687387288865761, guid: 54fdf94b52d44304f8eaf2b66904fd89, type: 3}
      propertyPath: m_OnClick.m_PersistentCalls.m_Calls.Array.data[0].m_TargetAssemblyTypeName
      value: Ninth.Audio.SFXPlayer, Assembly-CSharp
      objectReference: {fileID: 0}
    - target: {fileID: 756687387288865761, guid: 54fdf94b52d44304f8eaf2b66904fd89, type: 3}
      propertyPath: m_OnClick.m_PersistentCalls.m_Calls.Array.data[0].m_Arguments.m_ObjectArgumentAssemblyTypeName
      value: UnityEngine.Object, UnityEngine
      objectReference: {fileID: 0}
    - target: {fileID: 4682392153785186154, guid: 54fdf94b52d44304f8eaf2b66904fd89, type: 3}
      propertyPath: m_Pivot.x
      value: 0.5
      objectReference: {fileID: 0}
    - target: {fileID: 4682392153785186154, guid: 54fdf94b52d44304f8eaf2b66904fd89, type: 3}
      propertyPath: m_Pivot.y
      value: 0.5
      objectReference: {fileID: 0}
    - target: {fileID: 4682392153785186154, guid: 54fdf94b52d44304f8eaf2b66904fd89, type: 3}
      propertyPath: m_AnchorMax.x
      value: 1
      objectReference: {fileID: 0}
    - target: {fileID: 4682392153785186154, guid: 54fdf94b52d44304f8eaf2b66904fd89, type: 3}
      propertyPath: m_AnchorMax.y
      value: 1
      objectReference: {fileID: 0}
    - target: {fileID: 4682392153785186154, guid: 54fdf94b52d44304f8eaf2b66904fd89, type: 3}
      propertyPath: m_AnchorMin.x
      value: 1
      objectReference: {fileID: 0}
    - target: {fileID: 4682392153785186154, guid: 54fdf94b52d44304f8eaf2b66904fd89, type: 3}
      propertyPath: m_AnchorMin.y
      value: 1
      objectReference: {fileID: 0}
    - target: {fileID: 4682392153785186154, guid: 54fdf94b52d44304f8eaf2b66904fd89, type: 3}
      propertyPath: m_SizeDelta.x
      value: 56
      objectReference: {fileID: 0}
    - target: {fileID: 4682392153785186154, guid: 54fdf94b52d44304f8eaf2b66904fd89, type: 3}
      propertyPath: m_SizeDelta.y
      value: 56
      objectReference: {fileID: 0}
    - target: {fileID: 4682392153785186154, guid: 54fdf94b52d44304f8eaf2b66904fd89, type: 3}
      propertyPath: m_LocalPosition.x
      value: 0
      objectReference: {fileID: 0}
    - target: {fileID: 4682392153785186154, guid: 54fdf94b52d44304f8eaf2b66904fd89, type: 3}
      propertyPath: m_LocalPosition.y
      value: 0
      objectReference: {fileID: 0}
    - target: {fileID: 4682392153785186154, guid: 54fdf94b52d44304f8eaf2b66904fd89, type: 3}
      propertyPath: m_LocalPosition.z
      value: 0
      objectReference: {fileID: 0}
    - target: {fileID: 4682392153785186154, guid: 54fdf94b52d44304f8eaf2b66904fd89, type: 3}
      propertyPath: m_LocalRotation.w
      value: 1
      objectReference: {fileID: 0}
    - target: {fileID: 4682392153785186154, guid: 54fdf94b52d44304f8eaf2b66904fd89, type: 3}
      propertyPath: m_LocalRotation.x
      value: 0
      objectReference: {fileID: 0}
    - target: {fileID: 4682392153785186154, guid: 54fdf94b52d44304f8eaf2b66904fd89, type: 3}
      propertyPath: m_LocalRotation.y
      value: 0
      objectReference: {fileID: 0}
    - target: {fileID: 4682392153785186154, guid: 54fdf94b52d44304f8eaf2b66904fd89, type: 3}
      propertyPath: m_LocalRotation.z
      value: 0
      objectReference: {fileID: 0}
    - target: {fileID: 4682392153785186154, guid: 54fdf94b52d44304f8eaf2b66904fd89, type: 3}
      propertyPath: m_AnchoredPosition.x
      value: -40
      objectReference: {fileID: 0}
    - target: {fileID: 4682392153785186154, guid: 54fdf94b52d44304f8eaf2b66904fd89, type: 3}
      propertyPath: m_AnchoredPosition.y
      value: -40
      objectReference: {fileID: 0}
    - target: {fileID: 4682392153785186154, guid: 54fdf94b52d44304f8eaf2b66904fd89, type: 3}
      propertyPath: m_LocalEulerAnglesHint.x
      value: 0
      objectReference: {fileID: 0}
    - target: {fileID: 4682392153785186154, guid: 54fdf94b52d44304f8eaf2b66904fd89, type: 3}
      propertyPath: m_LocalEulerAnglesHint.y
      value: 0
      objectReference: {fileID: 0}
    - target: {fileID: 4682392153785186154, guid: 54fdf94b52d44304f8eaf2b66904fd89, type: 3}
      propertyPath: m_LocalEulerAnglesHint.z
      value: 0
      objectReference: {fileID: 0}
    m_RemovedComponents: []
    m_RemovedGameObjects: []
    m_AddedGameObjects: []
    m_AddedComponents:
    - targetCorrespondingSourceObject: {fileID: 697936100446855791, guid: 54fdf94b52d44304f8eaf2b66904fd89, type: 3}
      insertIndex: -1
      addedObject: {fileID: 7294403664107905306}
  m_SourcePrefab: {fileID: 100100000, guid: 54fdf94b52d44304f8eaf2b66904fd89, type: 3}
--- !u!224 &4081146255118187965 stripped
RectTransform:
  m_CorrespondingSourceObject: {fileID: 4682392153785186154, guid: 54fdf94b52d44304f8eaf2b66904fd89, type: 3}
  m_PrefabInstance: {fileID: 8671705539887827671}
  m_PrefabAsset: {fileID: 0}
--- !u!1 &8212180952932378808 stripped
GameObject:
  m_CorrespondingSourceObject: {fileID: 697936100446855791, guid: 54fdf94b52d44304f8eaf2b66904fd89, type: 3}
  m_PrefabInstance: {fileID: 8671705539887827671}
  m_PrefabAsset: {fileID: 0}
--- !u!114 &7294403664107905306
MonoBehaviour:
  m_ObjectHideFlags: 0
  m_CorrespondingSourceObject: {fileID: 0}
  m_PrefabInstance: {fileID: 0}
  m_PrefabAsset: {fileID: 0}
  m_GameObject: {fileID: 8212180952932378808}
  m_Enabled: 1
  m_EditorHideFlags: 0
  m_Script: {fileID: 11500000, guid: f9056b4e72bf3f244a9088d9d67eda92, type: 3}
  m_Name: 
  m_EditorClassIdentifier: 
  _clip: {fileID: 8300000, guid: a878500c6decc87469a5ee8eb95fbed7, type: 3}
--- !u!114 &8275466660078551350 stripped
MonoBehaviour:
  m_CorrespondingSourceObject: {fileID: 756687387288865761, guid: 54fdf94b52d44304f8eaf2b66904fd89, type: 3}
  m_PrefabInstance: {fileID: 8671705539887827671}
  m_PrefabAsset: {fileID: 0}
  m_GameObject: {fileID: 8212180952932378808}
  m_Enabled: 1
  m_EditorHideFlags: 0
  m_Script: {fileID: 11500000, guid: 4e29b1a8efbd4b44bb3f3716e73f07ff, type: 3}
  m_Name: 
  m_EditorClassIdentifier: 
